3022 4956
575 423 718 478 sarisas
1139 429 1200 492 tls

71 586 171 658 ttius,
197 584 274 663 quod
298 581 451 661 praeberet
472 580 626 643 mendacio
650 582 748 643 fidem.
786 599 847 642 non
870 582 1051 644 mehercules
1074 601 1199 663 poenam

105 673 180 744 islam
192 684 346 752 dillerrem,
363 681 415 740 sed
431 680 572 741 continuo
588 699 641 741 ros
656 680 691 741 ad
702 699 823 758 magnas
837 699 908 760 opes
921 681 1069 742 ducerem.
1101 681 1199 761 atquin

105 782 247 860 promitto,
270 779 408 861 quicquid
425 777 561 856 erigeret,
579 778 740 838 dummodo
758 778 893 857 placeret,
909 778 998 839 vestis
1014 779 1133 857 rapinae
1148 798 1200 840 co·

103 899 168 954 mes,
181 889 208 940 et
222 877 360 960 quicquid
375 877 498 956 Lycurgi
514 877 577 938 villa
594 875 796 956 grassantibus
811 874 1001 954 praebuisset.
1026 893 1093 936 nam
1110 893 1201 937 num-

76 985 89 1033 5
106 996 164 1038 mos
178 977 206 1037 in
220 984 405 1056 praesentem
420 993 508 1037 usum
525 977 612 1037 deum
628 981 751 1036 matrem
767 993 823 1054 pro
839 973 895 1034 fide
912 991 964 1035 sua
978 964 1170 1035 reddituram'

175 1151 257 1239 ‘quid
279 1150 363 1237 ergo’
383 1158 479 1239 inquit
491 1159 655 1239 Eumolpus
672 1149 838 1220 ‘cessamus
859 1156 983 1218 mimum
1000 1153 1201 1236 componere?

102 1256 178 1318 lacite
192 1273 260 1334 crgo
276 1276 325 1317 me
340 1258 507 1330 dominum,
529 1255 554 1316 si
569 1257 728 1334 negotiatio
744 1246 854 1336 placet.'
884 1273 971 1316 nemo
987 1273 1076 1316 ausus
1092 1260 1137 1315 est
1153 1272 1198 1315 ar-

100 1362 154 1414 tem
173 1355 309 1416 damnare
329 1356 401 1416 nihil
424 1357 613 1418 auferentem.
643 1354 739 1433 itaque
759 1361 793 1417 ut
813 1355 930 1416 duraret
944 1353 1020 1414 inter
1035 1371 1138 1415 omnes
1153 1361 1200 1415 tu-

101 1459 158 1512 tum
176 1452 375 1530 mendacium,
395 1453 424 1514 in
446 1453 531 1515 rerba
551 1452 691 1532 Eumolpi
710 1461 924 1515 sacramentum
944 1451 1118 1514 iuravimus:
1145 1452 1200 1525 uri,

63 1557 87 1604 tu
102 1550 209 1623 vinciri,
228 1551 374 1612 verberari
393 1551 529 1631 ferroque
544 1552 655 1625 necari,
675 1558 704 1612 et
719 1551 855 1631 quicquid
872 1550 947 1612 aliud
962 1551 1126 1629 Eumolpus
1138 1550 1202 1612 ius-

102 1650 190 1710 sisset.
218 1657 357 1728 tanquam
373 1648 492 1728 legitimi
508 1649 680 1728 gladiatores
696 1648 818 1710 domino
834 1667 957 1729 corpora
970 1648 1139 1729 animasque
1153 1667 1201 1710 re·

100 1747 280 1824 ligiosissimc
302 1747 473 1809 addicimus.
505 1755 575 1827 post
589 1754 739 1826 peractum
756 1756 971 1809 sacramentum
987 1747 1129 1809 serviliter
1142 1747 1201 1808 ficti
1246 1803 1249 1808 .

101 1846 246 1907 dominum
262 1845 492 1918 consalutamus,
510 1846 674 1924 elatumque
689 1845 725 1906 ab
741 1846 886 1925 Eumolpo
903 1844 993 1906 filium
1010 1844 1118 1923 pariter
1129 1863 1200 1906 con·

101 1943 249 2017 discimus,
272 1945 404 2005 iuvenem
421 1943 545 2024 ingentis
563 1943 743 2022 eloquentiae
758 1950 787 2004 et
801 1942 878 2021 spei,
899 1941 1024 2022 ideoque
1038 1943 1074 2006 de
1089 1942 1202 2005 civitate

65 2043 87 2094 15
102 2060 148 2104 sua
166 2041 364 2104 miserrimum
386 2061 488 2104 senem
508 2043 616 2112 exisse,
637 2059 676 2104 ne¹
693 2047 743 2101 aut
764 2041 881 2103 clientes
902 2041 1076 2122 sodalesque
1091 2041 1141 2104 filii
1156 2041 1202 2104 sui

102 2147 145 2200 aut
165 2140 333 2219 sepulcrum
357 2139 487 2220 quotidie
509 2158 643 2201 caussam
663 2139 847 2202 lacrimarum
868 2148 1006 2202 cerneret.
1043 2139 1202 2204 accessisse

101 2237 161 2299 huic
174 2238 306 2299 tristitiae
321 2238 487 2318 proximum
503 2236 698 2316 naufragium,
714 2256 772 2316 quo
788 2239 913 2318 amplius
929 2238 1017 2300 vicies
1033 2240 1202 2300 sestertium

103 2338 232 2398 amiserit
263 2353 318 2397 nec
336 2333 418 2395 illum
434 2333 544 2397 iactura
559 2334 684 2409 moveri,
705 2334 757 2395 scd
773 2335 945 2398 destitutum
959 2337 1123 2401 ministerio
1139 2355 1201 2400 non

90 2453 249 2513 ‚agnoscere
269 2432 438 2512 dignitatem
462 2450 554 2495 suam.
591 2441 739 2513 praeterea
759 2432 865 2495 habere
885 2434 915 2494 in
929 2435 1026 2498 Africa
1045 2437 1199 2499 trecenties

65 2532 89 2583 20
103 2535 259 2596 sestertium
279 2531 378 2592 lundis
395 2531 621 2612 nominibusque
637 2531 813 2611 depositum.
843 2550 911 2594 nam
926 2532 1065 2594 familiam
1082 2533 1200 2613 quidem

101 2637 151 2693 tam
173 2651 309 2712 magnam
330 2649 384 2710 per
405 2647 491 2707 agros
508 2629 660 2690 Numidiae
676 2649 742 2690 esso
758 2649 899 2709 sparsam,
914 2638 948 2691 ut
961 2629 1057 2710 possit
1072 2631 1113 2691 rel
1130 2632 1199 2693 Car-

102 2729 239 2808 thaginem
260 2747 372 2809 capere.
402 2726 565 2789 secundum
587 2728 663 2788 hanc
676 2728 832 2790 formulam
848 2729 1027 2809 imperamus
1043 2730 1199 2809 Eumolpo,

103 2953 167 3006 douit
179 2955 308 3006 Autouius
406 2954 495 3002 leubus
515 2952 670 3004 Guilelmus:
687 2955 759 3004 letius
771 2955 838 3006 libri.
873 2959 1048 3006 uestimentum
1064 2957 1138 3006 letius
1149 2973 1200 3020 pro

101 3026 237 3088 plcesemate
256 3025 348 3075 babuit
364 3033 388 3074 et
406 3025 517 3074 correxit
534 3041 597 3088 quse
615 3026 711 3075 Deuca

165 3104 177 3148 1
197 3114 304 3163 poenam
324 3104 334 3145 t
351 3113 408 3147 cum
426 3104 510 3146 uetere
528 3095 642 3146 Pitheci:
660 3112 752 3160 penem
772 3096 804 3160 L,
824 3113 910 3162 perum
918 3115 940 3164 p
960 3116 1017 3150 cum
1029 3099 1201 3166 chirographo

104 3166 208 3220 Doueae.
237 3184 339 3232 operam
351 3184 444 3218 mamus
456 3167 530 3218 doctu
542 3168 570 3217 iu
583 3167 668 3218 coelice
677 3168 760 3231 Iunii,
773 3184 874 3218 scenam
886 3170 911 3224 I.
920 3170 1114 3234 mammem,
1131 3187 1201 3236 spem

104 3237 232 3290 Iacobea'ue.
257 3239 373 3305 sortasse
385 3255 505 3304 pompam
596 3242 611 3288 2
625 3241 750 3290 differrem
765 3241 808 3303 Lt,
827 3249 900 3292 uetus
912 3241 1028 3293 Pitheci.-
1040 3243 1161 3292 deferrem
1170 3257 1201 3305 p.

104 3313 333 3371 peram-diaferrem
346 3310 470 3362 Heiusius
560 3311 627 3373 atqui
641 3318 657 3362 t.
682 3311 744 3360 baec
752 3312 993 3376 particulatione
1006 3311 1129 3375 traditam,
1142 3320 1201 3362 aute

104 3396 146 3432 ucat
162 3383 234 3434 uuila
246 3383 398 3448 perierunt:
417 3382 532 3447 alioquim
549 3388 624 3444 etque
643 3381 827 3447 corripendum.
859 3385 890 3432 ed
909 3382 1117 3446 quseHeiueiue.
1147 3397 1200 3432 ccr-

105 3458 148 3502 tum
171 3463 255 3505 autern
280 3462 316 3504 est
334 3454 491 3517 Eumolpum
513 3453 575 3502 baec
593 3452 677 3518 loqui,
700 3470 752 3503 mare
770 3470 844 3518 quem
861 3453 938 3520 uulpo
963 3455 1104 3518 loquentem
1114 3453 1200 3518 sacie-

105 3520 158 3574 lmt
172 3525 326 3590 dbccolpuum
468 3528 482 3574 3
502 3526 613 3590 erigeret¹
631 3532 655 3574 et
671 3525 700 3574 im
717 3525 833 3591 margine
843 3561 849 3574 .
860 3561 867 3574 .
877 3525 902 3574 L
919 3533 950 3575 ut
966 3528 1065 3589 exigere
1083 3523 1201 3590 Scaliger

105 3592 145 3658 legi
160 3597 268 3648 iusserit.
305 3596 481 3662 imperfectum
503 3595 636 3660 reliquisse
660 3604 684 3646 et
701 3595 746 3646 boc
765 3605 789 3646 et
804 3596 959 3661 subsequeris
977 3596 1139 3647 enuntiatum
1156 3611 1200 3647 eu·

105 3676 193 3730 corpur
210 3667 316 3719 uidetur
404 3669 491 3731 rapina
512 3675 521 3716 t
539 3674 677 3735 correctum
694 3667 723 3717 ira
740 3668 857 3735 margine
947 3672 964 3717 4
983 3669 1087 3733 Ligurgi
1094 3684 1117 3733 p

107 3737 203 3789 iduum
216 3748 260 3804 pt:
280 3741 373 3789 domini
393 3739 417 3788 L
551 3737 672 3788 lacuuam
690 3739 844 3804 significaui.
881 3739 1016 3790 Gallorum
1033 3739 1125 3805 opimos·
1142 3757 1200 3791 con-

106 3804 214 3861 ditionem
231 3811 378 3876 ceperuatis
397 3810 476 3860 aliam
489 3809 627 3873 proposuit
643 3810 786 3875 Eumolpus
872 3814 886 3861 6
906 3813 1009 3862 mimum
1024 3827 1060 3875 p:
1078 3813 1103 3861 in
1123 3827 1201 3862 unum

106 3874 141 3940 Li,
158 3889 228 3932 uetus
246 3882 348 3932 Pitboei
437 3886 450 3930 7
472 3881 544 3930 facite
562 3897 624 3944 rogo
643 3879 767 3932 Heinsius
859 3884 890 3932 10
910 3886 987 3933 securi
1004 3882 1129 3949 marpoL

106 3950 210 4015 quidquid
229 3961 253 4003 et
273 3949 453 4016 ll'tsmqusm
470 3950 613 4003 Sarnbucue
627 3969 657 4016 p.
670 3957 704 4003 58
720 3945 763 4003 ‘cc
787 3953 897 4004 Hearici
919 3954 1035 4005 Memmii
1060 3953 1115 4007 coel.
1140 3945 1197 4004 uet.‘

107 4016 237 4074 &eculeus
257 4027 271 4074 9
291 4026 317 4073 in
336 4025 493 4074 uerba-12
513 4024 649 4084 addicimus
761 4027 791 4073 12
811 4033 944 4089 postquam
963 4034 1001 4076 est
1017 4032 1130 4091 margot

110 4091 135 4136 13
152 4095 285 4160 dominum]
305 4096 348 4146 dm
367 4094 391 4144 L
509 4096 718 4144 consalutauimus
736 4094 909 4147 Memmiamus
1034 4097 1199 4148 condiscimus

109 4158 248 4217 Gulielmus:
267 4168 418 4218 condicimus
437 4165 497 4216 libri
636 4169 666 4215 lo
685 4167 850 4234 lacrymarum
868 4168 894 4219 L
1033 4170 1066 4221 18
1084 4167 1200 4218 emiserat

109 4236 261 4290 tremorum
278 4238 307 4290 iri
324 4237 440 4306 marpiuc
