3022 4956
567 447 709 502 sennan
1150 452 1188 516 81

62 601 153 660 Hehio
165 592 306 681 ‘poteram
322 592 454 680 quidem'
469 601 561 681 inquit
572 591 770 664 ‘boclerioulo
783 621 848 664 esse
860 609 1030 680 contentus3
1049 605 1191 668 secundas

94 699 164 760 enim
180 719 298 762 mensas
314 699 434 760 habetis.
464 709 510 760 set·
519 699 545 760 si
560 700 630 779 quid
645 700 710 761 belli
725 701 824 776 habes,
840 692 928 763 aller.³

170 799 284 860 interim
305 817 379 878 puer
397 798 622 871 Alexandrinus,
644 799 693 879 qui
714 799 822 860 caldam
838 800 1035 875 ministrabat,
1055 802 1192 864 luscinias

95 897 182 975 coepit
203 898 309 959 imitari
330 899 470 958 clamante
485 897 701 959 Trimalchione
722 899 859 959 subinde:
876 890 995 960 ‘muta'.
1034 919 1100 962 ecce
1120 901 1193 963 alius

68 993 181 1055 alodus.
211 1015 311 1058 servus
328 996 376 1075 qui
392 996 428 1056 ad
443 997 532 1076 pedes
548 996 696 1059 Habinnae
712 996 843 1071 sedebat,
858 996 971 1071 iussus,
989 999 1091 1074 oredo,
1106 1019 1122 1061 a
1138 999 1192 1060 do-

93 1093 166 1152 mino
182 1081 235 1155 suo
251 1095 440 1174 proclamavit
455 1095 553 1157 subito
571 1114 676 1157 canoro
690 1115 778 1158 voce:
796 1093 799 1104 '

276 1186 400 1254 ‘interea
415 1193 544 1255 medium
559 1195 670 1256 Aeneas
686 1195 743 1255 iam
760 1195 852 1256 classe
866 1188 1002 1256 tenebat?

93 1289 181 1352 nullus
208 1311 302 1354 sonus
324 1310 452 1372 unquam
474 1291 583 1353 acidior
601 1294 748 1372 percussit
767 1311 850 1355 aures
870 1314 965 1369 meas3
991 1313 1058 1355 nam
1079 1301 1194 1373 praeter

94 1389 228 1450 recitantis
244 1388 378 1452 barbarie
393 1397 442 1452 aut
457 1390 601 1452 adiectum
617 1399 666 1452 aut
680 1392 863 1455 deminutum
880 1391 1038 1454 clamorem
1053 1391 1194 1454 miscebat

58 1497 81 1546 10
96 1485 259 1550 Atellanicos
281 1507 399 1563 versus,
421 1495 455 1549 nt
472 1495 543 1550 tuno
561 1488 690 1568 primum
712 1509 760 1552 me
779 1490 864 1552 etiam
878 1489 1012 1569 Virgilius
1031 1491 1194 1553 offenderit.

94 1585 179 1647 lassus
194 1593 294 1648 tamen
310 1606 378 1649 cum
393 1585 548 1664 aliquando
565 1586 702 1661 desisset,
719 1589 859 1669 plausum
879 1588 982 1649 adiecit
996 1589 1145 1652 Habinnas
1166 1595 1195 1651 et

92 1673 252 1764 ‘nunquam'
264 1675 488 1765 inquit‘didicit,
500 1684 552 1744 sed
563 1703 616 1764 ego
629 1685 665 1747 ad
678 1687 864 1749 circulatores
877 1705 943 1747 eum
957 1687 1101 1749 mittendo
1115 1734 1193 1750 .....

96 1782 231 1845 audibant.
261 1783 358 1862 itaque
377 1801 478 1863 parem
499 1782 676 1858 nonhabet,
692 1783 752 1845 sire
768 1784 913 1846 muliones
929 1785 1006 1846 volet
1020 1785 1083 1848 sive
1098 1787 1193 1849 eircu-

94 1879 189 1943 latores
208 1882 327 1944 imitari.
359 1881 546 1961 desperatum
565 1879 645 1942 valde
664 1880 835 1961 ingeniosus
857 1891 916 1944 est:
935 1881 1012 1944 idern
1035 1892 1119 1946 sutor
1139 1891 1193 1958 est,

59 1981 82 2031 15
96 1977 163 2039 idem
179 1999 282 2056 cocus,
302 1981 377 2042 idem
394 1979 502 2059 pistor,
518 1979 614 2040 omnis
629 1979 728 2041 Musae
743 1981 933 2062 mancipium.
964 1981 1022 2042 duo
1037 1988 1136 2044 tamen
1151 1983 1194 2042 ri·
1248 1993 1251 2000 ’

95 2075 129 2137 tia
141 2077 236 2154 babet,
257 2097 331 2160 quae
350 2078 375 2139 si
391 2095 452 2138 non
467 2077 601 2152 baberet,
622 2085 700 2139 esset
715 2079 845 2141 omnium
862 2099 1035 2144 numerum:
1052 2081 1194 2143 recutitus

97 2181 135 2235 est
151 2184 177 2237 et
197 2178 303 2241 stertit.
337 2195 406 2238 nam
428 2176 506 2255 quod
528 2176 687 2238 strabonus
709 2183 766 2249 est,
788 2197 849 2239 uon
870 2199 957 2256 curc;
985 2178 1028 2240 sio
1049 2185 1081 2240 ut
1096 2179 1193 2240 Venus

96 2281 204 2351 spectat.
233 2277 302 2338 ideo
319 2275 389 2336 nihil
405 2275 550 2349 tacetur
567 2275 651 2335 oculo
667 2281 786 2334 mortuo
802 2294 942 2356 unquam.
969 2278 1048 2340 illum
1065 2278 1123 2339 emi
1134 2285 1195 2340 tre·

97 2373 176 2432 centis
195 2365 345 2436 denariis'.
378 2372 569 2453 interpellavit
587 2372 756 2451 loquentem
780 2372 908 2437 Scintilla
929 2366 1083 2456 et‘plane²
1099 2376 1195 2456 inquit
1209 2379 1249 2443 69

59 2458 157 2530 lt‘non
182 2473 282 2534 omnia
307 2471 426 2534 artificia
448 2471 525 2532 servi
547 2488 672 2550 nequam
694 2489 804 2533 narras
835 2492 923 2552 agaga
943 2481 1001 2549 est3
1028 2482 1057 2536 ot
1076 2474 1193 2548 curabo,

99 2569 221 2648 stigmam
237 2563 360 2633 habeat.²
391 2570 455 2631 risit
467 2569 644 2631 Trimalchio
658 2577 687 2630 et
698 2560 904 2648 ‘adcognosco'
921 2571 1015 2650 inquit
1026 2561 1193 2650 ‘Cappado-

98 2669 245 2731 oem:nihil
257 2668 315 2730 sibi
327 2667 485 2730 defraudat.
508 2673 537 2727 et
547 2667 727 2729 mebercudes
738 2667 825 2728 laudo
837 2667 931 2754 illum3
947 2669 1005 2730 hoc
1016 2668 1094 2730 euim
1105 2687 1194 2731 nemo
1244 2677 1246 2682 “

162 2902 173 2949 1
193 2902 296 2968 fericulo
316 2901 352 2949 sic
370 2899 404 2950 H
482 2903 496 2948 2
516 2888 614 2951 habitis
633 2887 731 2952 rireusas
750 2901 784 2952 H
874 2908 912 2952 set
929 2902 1042 2953 inserui:
1060 2911 1086 2954 at
1104 2903 1196 2955 Iacob-

99 2967 144 3018 sius
249 2978 263 3022 7
290 2971 387 3037 Ver-pili
404 2972 469 3024 Aen.
494 2970 550 3022 Vs
643 2976 657 3022 a
678 2975 803 3023 recitantis
822 2973 962 3024 Heinsius:
981 2977 1084 3026 errantis
1099 2972 1133 3025 H
1146 2992 1197 3040 quo

98 3044 329 3100 annotabarberiae
342 3041 486 3107 Sobeffencs
576 3045 679 3094 barbare
692 3044 817 3095 Heinsius
906 3046 1030 3096 adiectum
1042 3045 1197 3112 Schefferus,

99 3110 258 3166 Munclserus:
284 3117 407 3164 abiectum
425 3113 459 3164 H
597 3117 745 3165 diminutum
766 3116 801 3167 H
933 3118 1022 3182 potins
1041 3120 1196 3172 inmiscebat.

99 3187 271 3248 imperandos
295 3186 338 3236 ille
362 3185 440 3236 iudan
464 3194 501 3235 eet
525 3202 582 3236 eum
599 3186 712 3252 Hospite
730 3187 866 3238 Hornen'co
890 3188 942 3238 nisi
960 3187 1031 3254 quod
1048 3189 1090 3241 bic
1107 3205 1198 3241 nersass

100 3251 204 3307 obscenos
227 3257 384 3323 Vergiliano
408 3257 500 3308 mixtos
519 3273 571 3308 esse
589 3259 681 3326 opinor
791 3263 822 3310 10
843 3262 930 3322 etiam,
949 3277 1001 3312 non
1020 3268 1045 3311 et
1062 3261 1097 3311 H

101 3327 127 3372 ll
145 3329 243 3381 desisset
262 3327 421 3393 Sebefferss:
445 3331 553 3378 dedisset
571 3328 605 3379 H
705 3333 820 3395 plausum
840 3330 935 3381 addidi
1042 3341 1067 3380 et
1085 3332 1198 3396 loquenti

99 3394 227 3450 Habinnae
247 3399 408 3459 tribuebant;
427 3401 476 3449 eho
489 3399 623 3450 Iacobsius
715 3406 746 3450 12
767 3418 894 3465 nunquam
912 3403 991 3464 inquit
1009 3402 1113 3466 sampsi.-
1134 3418 1196 3451 nun-

98 3467 148 3528 quid
165 3470 199 3523 H.
235 3488 364 3535 nunquam
383 3471 554 3522 Burmrunnus
652 3476 684 3522 13
704 3474 805 3523 audibat
822 3472 859 3535 H,
877 3489 931 3522 non
949 3474 1102 3525 audiebatur.
1134 3489 1198 3537 per·-

99 3536 149 3588 iisse
167 3543 256 3608 aliquo
275 3550 398 3607 apparet,
425 3541 519 3592 deinde
542 3545 643 3594 audibat
666 3543 830 3594 scribendine
854 3543 969 3594 enistimo
992 3551 1023 3594 nt
1046 3559 1138 3594 seruus
1160 3545 1199 3594 in-

100 3608 227 3675 tellegatur.
265 3616 406 3664 erudiebam
424 3612 537 3664 Iahnius
654 3617 755 3665 hebebit
775 3614 882 3665 doinus
992 3618 1025 3664 14
1043 3617 1199 3680 desperatum

99 3681 181 3746 scepei
198 3694 228 3735 ut
241 3677 375 3735 ‘iwanum
392 3679 482 3734 uolde'
503 3685 616 3735 Plautus
634 3685 752 3738 dixerut:
770 3688 913 3750 desperatus
928 3683 964 3735 H.
1001 3687 1144 3750 desperatos
1163 3686 1199 3738 od

99 3751 245 3806 circulatores
258 3756 372 3822 referens
384 3756 510 3806 Heinsius
603 3759 634 3807 15
648 3774 703 3808 mus
717 3758 882 3821 emancipium
896 3755 930 3806 H
1014 3758 1120 3808 uinsH

101 3823 128 3870 16
145 3841 302 3878 numerorum
320 3827 465 3892 Soheffenss
484 3827 517 3892 ef.
532 3845 561 3893 p.
578 3831 619 3892 75,
640 3834 666 3878 l:
690 3844 849 3879 nummorum
867 3827 902 3877 H
1023 3833 1053 3878 17
1075 3833 1200 3880 strabosns

100 3890 213 3948 Heinsius
321 3901 356 3948 sic
379 3906 404 3948 et
422 3898 535 3948 Iahnius
645 3903 677 3948 18
697 3908 814 3965 expectas
833 3909 857 3949 et
874 3900 930 3952 ideo
1038 3901 1099 3950 mihi
1118 3903 1201 3965 placet

101 3961 215 4019 Heinsius
307 3972 350 4019 uix
369 3972 441 4020 oculo
458 3971 574 4020 inretorto
594 3987 731 4035 numquam
749 3973 817 4020 illum
835 3970 968 4035 Heinsius,
987 3974 1119 4022 exosculor
1137 3988 1200 4022 non·

101 4049 219 4098 nunquam
242 4043 311 4090 illum
329 4040 478 4104 lasciuius,
504 4043 547 4090 uix
564 4043 672 4091 Proculo
696 4049 796 4092 mortuo
815 4044 917 4106 inquam
934 4044 1002 4092 illum
1021 4043 1200 4094 Bsuanomnns.

104 4116 160 4158 certe
176 4113 244 4161 illum
261 4113 328 4162 mole
341 4112 518 4178 praeponitur
641 4115 689 4164 emi
708 4115 823 4164 trecentis
841 4111 1001 4178 Sclefferms
1024 4116 1083 4164 emit
1100 4114 1201 4164 retentis

103 4175 132 4225 H
228 4187 260 4232 21
282 4199 294 4250 r
313 4185 364 4234 risit
382 4184 416 4233 H
518 4185 669 4248 capadocem
687 4184 722 4236 H
824 4187 857 4235 22
877 4187 1000 4236 defraudit
1013 4185 1048 4236 H
1060 4184 1148 4236 dubito
1164 4199 1202 4234 aaa

104 4263 165 4304 uere.
201 4255 313 4306 detrudat
329 4255 373 4307 uei
390 4256 529 4306 defrodsuit
547 4254 673 4308 Heinsius
780 4258 839 4308 hnic
861 4256 1036 4308 Hlebornenus

148 4330 243 4378 Petronii
259 4335 339 4380 satirae
985 4325 1000 4375 6
