3078 4956
280 472 340 534 193
751 461 908 516 Phrflotdl

278 643 389 700 serem,
408 621 592 685 occidissem.
621 620 718 699 itaque
737 619 831 680 taedio
850 611 1105 700 fatigatus‘rogo'
1120 613 1387 704 inquam‘axpiare
1406 631 1431 684 1,

188 775 197 788 .
279 743 385 787 manus
397 722 492 804 pretio
503 719 649 783 licet...si
661 737 714 781 vos
727 735 944 798 provocassem,
956 717 1043 779 etiam
1055 718 1081 780 si
1092 721 1284 783 homicidium
1296 722 1387 783 fecis-

279 843 352 886 sem.
381 841 453 884 ecoe
463 822 538 882 duos
554 837 659 881 aureos
674 834 765 897 pono,
779 814 857 878 unde
871 815 993 895 possitis
1009 824 1038 878 et
1052 817 1127 879 duos
1139 838 1259 882 anseres
1271 814 1389 884 emere?

279 941 354 1006 quos
368 928 403 984 nt
416 920 487 982 vidit
501 919 665 990 Oenothea,
683 903 832 994 ‘ignosce'
847 914 941 993 inquit
956 904 1160 991 ‘adolescens‚
1180 919 1303 982 sollicita
1320 940 1388 983 snm

278 1029 327 1084 tua
348 1039 461 1082 caussa.
489 1017 598 1079 amoris
618 1022 662 1076 est
677 1014 735 1076 hoc
749 1017 969 1092 argumentum,
984 1031 1046 1074 non
1059 1014 1256 1096 malignitatis.
1286 1017 1388 1098 itaque
1408 1033 1426 1084 5

280 1120 415 1182 dabimus
439 1136 574 1198 operam,
601 1112 718 1193 nequis
737 1110 796 1172 hoc
815 1110 895 1172 sciat.
927 1118 961 1171 tu
979 1112 1070 1173 modo
1091 1114 1162 1176 deos
1181 1134 1267 1195 roga,
1293 1121 1328 1177 nt
1347 1117 1388 1178 iili

279 1219 356 1280 iacto
371 1225 422 1280 tuo
438 1204 609 1296 ignoscant.³

394 1312 407 1399 ΙΙ
423 1315 555 1394 quisquis
570 1311 658 1374 hahet
672 1323 826 1381 nummos,
842 1323 946 1368 secura
960 1307 1076 1388 naviget
1091 1330 1159 1374 aura
1406 1335 1456 1386 Lo

466 1411 673 1488 fortunamque
688 1425 744 1470 suo
759 1411 903 1486 temperet
917 1404 1048 1467 arbitrio.

423 1526 543 1571 uxorem
561 1509 646 1571 ducat
659 1506 791 1579 Danaen,
806 1505 963 1584 ipsumque
976 1503 1074 1566 licebit
1115 1505 1119 1516 '
1409 1523 1445 1573 ιο

363 1628 369 1638 ’
465 1607 610 1669 Acrisium
625 1605 722 1667 iubeat
736 1605 853 1665 credere
868 1602 947 1683 qnod
958 1601 1084 1665 Danaen.

366 1723 381 1774 a
426 1705 553 1770 carmina
569 1709 731 1784 conponat,
748 1703 902 1775 declamet,
918 1711 1077 1783 concrepet
1090 1722 1192 1766 omnes

466 1812 494 1866 et
508 1809 629 1884 peragat
643 1821 746 1865 causas
763 1801 858 1881 sitque
873 1799 981 1862 Catone
996 1803 1085 1882 prior.
1292 1787 1296 1795 Κ

423 1903 650 1967 iurisconsultus
662 1893 777 1983 ‘paret,
792 1917 852 1961 non
867 1891 964 1979 parat'
978 1898 1084 1962 habeto

466 2009 550 2082 atque
565 2008 627 2063 esto
644 1998 781 2080 quicquid
797 1999 914 2061 Servius
930 2004 959 2060 et
971 1997 1079 2060 Labeo.

399 2162 578 2169 ‚-.----·.-—-

353 2274 474 2322 imanes
492 2269 663 2320 Burmannus
752 2269 835 2334 precio
853 2265 928 2351 licet}
944 2267 977 2323 L.
1013 2270 1086 2320 liceat
1104 2267 1198 2321 Douea
1220 2285 1270 2336 quo
1288 2282 1393 2339 recepto

273 2360 335 2427 jare
353 2357 417 2410 tuaac
434 2357 555 2423 suppleas
578 2373 637 2408 nam
655 2357 721 2408 idam
738 2359 823 2408 liceret
841 2365 888 2407 ant
904 2373 964 2408 nam
982 2359 1088 2422 expandi
1107 2374 1168 2410 auro
1185 2360 1302 2410 iniurium
1319 2370 1392 2426 pate·

281 2433 369 2487 remini
389 2431 509 2482 etiamn.
538 2437 634 2480 certum
651 2429 738 2494 utique
757 2427 841 2480 deesse
859 2447 912 2480 non
928 2429 1002 2480 natta
1090 2432 1110 2480 si
1129 2445 1288 2482 eosanaerss
1300 2431 1392 2499 Sciap-

276 2504 349 2570 pias,
368 2504 388 2552 si
407 2503 466 2552 deos
485 2500 627 2552 Iacobsiua.
647 2499 714 2551 aaut
732 2502 887 2551 contumeliis
906 2509 953 2551 aut
971 2502 1079 2551 conuitio
1098 2501 1263 2566 expectabam

282 2577 298 2626 Β
317 2576 352 2640 at]
372 2575 447 2624 etiam
465 2590 553 2639 nsarpo
571 2571 605 2624 L.
620 2573 710 2638 potius
729 2573 769 2622 nel
894 2573 956 2622 dnos
975 2573 1013 2622 L:
1031 2575 1091 2622 deos
1110 2581 1135 2624 et
1147 2581 1187 2637 pt.
1220 2576 1298 2624 denos
1317 2575 1390 2626 Bur·

280 2661 399 2698 mannus.
436 2644 535 2695 dnobus
554 2644 641 2695 aureis
660 2645 683 2694 si
699 2661 752 2695 nou
766 2642 828 2707 ptus
847 2643 912 2694 duos
930 2659 1033 2694 anseres
1046 2651 1148 2707 parare
1166 2644 1290 2710 timuisset,
1316 2664 1390 2698 anse-

280 2735 339 2769 rum
364 2716 439 2782 apud
459 2715 620 2767 Crotoniatas
637 2715 727 2781 pretia
745 2715 788 2765 uel
804 2715 945 2766 monimum
962 2715 1155 2768 Diocletianeae
1174 2717 1266 2766 aetatis
1283 2718 1391 2770 medeam

235 2831 245 2838 .
280 2790 380 2840 sentens
404 2796 474 2838 tanto
497 2787 666 2838 secessissent.
703 2787 836 2837 minianum
858 2787 939 2852 ipitur
959 2789 1044 2838 dacem
1069 2788 1232 2838 duodecimae
1255 2789 1390 2841 restituen-

281 2860 343 2910 dum
451 2862 467 2908 4
487 2861 552 2923 quod
570 2859 596 2908 L
705 2861 719 2908 6
739 2859 798 2909 deos
811 2858 947 2922 pluratiue
965 2858 1057 2910 dubito
1072 2874 1108 2908 an
1126 2856 1185 2908 ideo
1203 2858 1302 2910 dinami
1319 2861 1391 2926 quad

282 2931 400 2996 temptum
418 2929 486 2980 iliud
504 2945 658 2996 cineresque
676 2929 793 2994 Priapus
810 2946 866 2980 una
883 2947 940 2980 cum
958 2929 1009 2980 olio
1026 2929 1145 2995 numine,
1162 2929 1258 2982 Libero
1275 2933 1320 2983 net
1342 2932 1390 2984 Ve-

280 3017 341 3053 nere
359 3002 403 3052 nel
418 3001 556 3067 Nymphis,
576 3002 702 3052 tuebatur.
740 3000 828 3066 confer
845 3003 947 3052 numina
960 3003 1065 3066 p.187,
1086 3004 1098 3051 1
1209 3003 1226 3051 8
1244 3010 1324 3054 totum
1342 3004 1390 3056 doe

280 3089 384 3124 wmen
408 3072 600 3136 desumpserunt
615 3072 773 3138 floridaqium
797 3072 950 3124 Parisinum
973 3080 998 3124 et
1019 3073 1131 3123 Ioannes
1148 3069 1252 3124 Sarni.
1276 3073 1339 3125 VII
1355 3082 1389 3128 16
1449 3067 1454 3076 ’

275 3148 371 3210 p.141
391 3143 427 3194 sia
439 3143 579 3209 praedatam
594 3135 794 3194 ‘Petronianum
810 3143 878 3194 ittuot
895 3145 1019 3210 inpactum
1037 3143 1151 3195 omnibus
1162 3137 1278 3208 amdaa'5
1296 3161 1390 3199 amimae

281 3219 335 3267 8et
347 3220 370 3279 9,
391 3219 423 3266 12
437 3222 462 3265 at
475 3218 515 3276 13,
529 3232 559 3280 p.
575 3217 633 3278 199,
648 3219 660 3264 1
676 3217 727 3264 et2
747 3213 894 3266 Vincentius
906 3216 981 3269 Betu.
1000 3215 1018 3266 t.
1036 3232 1056 3266 s.
1163 3231 1253 3266 numos
1272 3215 1303 3266 F

279 3289 382 3354 nauigat
406 3287 553 3338 Vincentius
679 3289 694 3341 9
713 3293 835 3351 temperat
853 3287 887 3352 B,
912 3287 1060 3339 Vincentius
1185 3288 1219 3337 10
1237 3290 1334 3340 danaen
1352 3290 1389 3356 B,

280 3397 379 3446 dannan
398 3395 437 3458 A,
457 3395 572 3444 damnem
591 3391 629 3458 F,
648 3393 775 3458 daphnem
793 3395 835 3459 D,
854 3396 971 3459 daphnen
992 3392 1014 3443 0
1029 3409 1086 3444 cum
1103 3392 1220 3458 marpine
1239 3401 1260 3458 t,
1285 3371 1390 3461 daphiin

280 3465 313 3532 ’0,
332 3463 443 3532 Daphni
461 3464 489 3530 S,
509 3467 580 3515 claua
599 3480 630 3515 an
649 3464 675 3515 P
745 3464 747 3475 ’
793 3469 825 3516 11
845 3467 984 3516 Acerisinm
1002 3465 1036 3528 A,
1055 3466 1181 3514 Accisium
1199 3461 1229 3514 F
1342 3469 1389 3518 du-

280 3553 337 3589 cere
356 3553 382 3588 se
401 3539 433 3587 ad
450 3539 556 3588 Danaen
575 3535 709 3587 Iacobsius
852 3537 969 3587 damnem
987 3535 1046 3601 ΑΡ,
1066 3537 1192 3600 daphnem
1209 3536 1246 3601 D,
1267 3537 1388 3602 daphnen

281 3643 326 3695 OG
434 3647 466 3692 11
486 3619 593 3708 adponit
609 3644 644 3708 Β,
663 3649 796 3709 componet
807 3643 977 3710 florilepium,
996 3643 1123 3706 componit
1147 3640 1307 3694 Vincentius.-
1327 3661 1388 3696 aon-

278 3722 357 3780 ponat
375 3713 407 3777 F,
427 3721 561 3780 componat
579 3716 674 3780 reliqui
780 3715 954 3780 declamauit,
978 3713 1126 3765 Vincentius
1251 3725 1389 3780 concrepat

285 3785 432 3836 Vincentius
539 3789 595 3836 offis
614 3786 672 3850 att,
692 3789 785 3838 omneis
801 3795 845 3850 pat
971 3788 1002 3836 13
1021 3793 1110 3850 pergat
1126 3784 1186 3849 EG,
1204 3788 1301 3851 peragit
1324 3787 1388 3838 Van-

279 3856 377 3907 centiua
510 3873 610 3908 caussas
623 3857 676 3908 LP
806 3859 885 3923 sitque
904 3863 956 3908 toto
975 3873 1006 3908 ne
1020 3857 1051 3907 P.
1088 3858 1119 3906 sit
1138 3856 1258 3907 Cicerone
1280 3857 1387 3912 Tattius.

279 3929 308 3978 in
325 3927 441 3992 sepulcro
465 3927 579 3979 Romani
596 3929 687 3981 Iouini
709 3929 818 3981 rhetoris
841 3929 935 3995 eloquii
952 3928 1045 3979 Latini
1064 3927 1191 3992 inscripto
1205 3919 1286 3979 ‘uiuit
1302 3938 1327 3980 et
1344 3930 1388 3982 nto

278 3998 350 4050 asabis
368 4006 399 4049 nt
416 3996 477 4049 Cato
495 3999 539 4050 uel
557 3995 655 4051 Oiaero’
767 4005 800 4050 14
817 4003 994 4051 iurisconsultis
1012 4008 1035 4051 et
1053 4001 1159 4050 habetor
1178 3999 1301 4051 Heinsius

278 4077 363 4136 parret
381 4077 488 4135 utroque
507 4070 559 4121 ioco
576 4072 602 4122 B
696 4088 748 4122 non
765 4081 836 4138 paret
855 4089 901 4122 om.
920 4073 946 4124 P
1032 4073 1143 4122 habento
1162 4069 1316 4122 ABUDGP

280 4145 311 4194 15
331 4141 422 4206 egoG
529 4145 656 4207 quicquid,
673 4147 731 4194 ason
745 4145 860 4208 quidquid
879 4142 1033 4195 ABFGLP
1050 4159 1108 4194 eum
1125 4141 1226 4192 Ioanne
1334 4159 1386 4195 ser·

277 4230 323 4264 uus
342 4213 368 4264 P
469 4203 515 4263 ‘at
534 4221 561 4263 ut
578 4208 674 4264 Labeo'
697 4214 853 4268 Patissonus.
873 4215 955 4268 notuit
976 4216 1069 4280 opinor
1090 4220 1133 4266 aut
1150 4213 1259 4266 eantare

277 4285 342 4336 labio
361 4284 392 4351 P,
411 4285 494 4336 habeo
512 4283 541 4334 Ε
578 4349 582 4354 Δ
