<?xml version="1.0" encoding="UTF-8"?>
<!DOCTYPE html PUBLIC "-//W3C//DTD XHTML 1.0 Transitional//EN"
    "http://www.w3.org/TR/xhtml1/DTD/xhtml1-transitional.dtd">
<html xmlns="http://www.w3.org/1999/xhtml" xml:lang="en" lang="en">
 <head>
  <title>
</title>
<meta http-equiv="Content-Type" content="text/html;charset=utf-8" />
  <meta name='ocr-system' content='tesseract 3.04.00' />
  <meta name='ocr-capabilities' content='ocr_page ocr_carea ocr_par ocr_line ocrx_word'/>
</head>
<body>
  <div class='ocr_page' id='page_1' title='image "./petroniiarbitri00buecgoog_0199.png"; bbox 0 0 3022 4956; ppageno 0'>
   <div class='ocr_carea' id='block_1_1' title="bbox 329 403 956 470">
    <p class='ocr_par' dir='ltr' id='par_1_1' title="bbox 329 403 956 470">
     <span class='ocr_line' id='line_1_1' title="bbox 329 403 956 470; baseline 0 -14"><span class='ocrx_word' id='word_1_1' title='bbox 329 407 391 470; x_wconf 84' lang='lat'><strong>144</strong></span> <span class='ocrx_word' id='word_1_2' title='bbox 800 403 956 458; x_wconf 83' lang='lat' dir='ltr'><strong>rannonn</strong></span> 
     </span>
    </p>
   </div>
   <div class='ocr_carea' id='block_1_2' title="bbox 299 610 1464 2247">
    <p class='ocr_par' dir='ltr' id='par_1_2' title="bbox 326 610 1464 1773">
     <span class='ocr_line' id='line_1_2' title="bbox 413 610 1458 696; baseline -0.001 -21"><span class='ocrx_word' id='word_1_3' title='bbox 413 613 484 675; x_wconf 93' lang='lat' dir='ltr'><strong>dum</strong></span> <span class='ocrx_word' id='word_1_4' title='bbox 499 611 570 673; x_wconf 89' lang='lat' dir='ltr'><strong>haee</strong></span> <span class='ocrx_word' id='word_1_5' title='bbox 580 610 705 692; x_wconf 88' lang='lat' dir='ltr'><strong>taliaque</strong></span> <span class='ocrx_word' id='word_1_6' title='bbox 715 612 871 684; x_wconf 89' lang='lat' dir='ltr'><strong>iactamus,</strong></span> <span class='ocrx_word' id='word_1_7' title='bbox 887 613 1032 674; x_wconf 83' lang='lat' dir='ltr'><strong>inhorruit</strong></span> <span class='ocrx_word' id='word_1_8' title='bbox 1043 631 1122 675; x_wconf 91' lang='lat' dir='ltr'><strong>mare</strong></span> <span class='ocrx_word' id='word_1_9' title='bbox 1139 613 1291 693; x_wconf 90' lang='lat' dir='ltr'><strong>nubesque</strong></span> <span class='ocrx_word' id='word_1_10' title='bbox 1305 615 1426 696; x_wconf 89' lang='lat' dir='ltr'><strong>undique</strong></span> <span class='ocrx_word' id='word_1_11' title='bbox 1441 623 1458 674; x_wconf 81' lang='lat' dir='ltr'><em>L</em></span> 
     </span>
     <span class='ocr_line' id='line_1_3' title="bbox 329 709 1427 792; baseline 0.001 -20"><span class='ocrx_word' id='word_1_12' title='bbox 329 711 469 773; x_wconf 84' lang='lat' dir='ltr'>adductae</span> <span class='ocrx_word' id='word_1_13' title='bbox 485 709 609 772; x_wconf 94' lang='lat' dir='ltr'><strong>obruere</strong></span> <span class='ocrx_word' id='word_1_14' title='bbox 623 710 750 772; x_wconf 90' lang='lat' dir='ltr'><strong>tenebris</strong></span> <span class='ocrx_word' id='word_1_15' title='bbox 767 711 854 772; x_wconf 87' lang='lat' dir='ltr'><strong>diem.</strong></span> <span class='ocrx_word' id='word_1_16' title='bbox 884 711 1055 773; x_wconf 92' lang='lat' dir='ltr'><strong>discurrunt</strong></span> <span class='ocrx_word' id='word_1_17' title='bbox 1068 720 1173 773; x_wconf 90' lang='lat' dir='ltr'><strong>nautae</strong></span> <span class='ocrx_word' id='word_1_18' title='bbox 1185 713 1222 773; x_wconf 96' lang='lat' dir='ltr'><strong>ad</strong></span> <span class='ocrx_word' id='word_1_19' title='bbox 1235 713 1326 773; x_wconf 85' lang='lat' dir='ltr'><strong>officia</strong></span> <span class='ocrx_word' id='word_1_20' title='bbox 1337 713 1427 792; x_wconf 89' lang='lat' dir='ltr'><strong>trepi-</strong></span> 
     </span>
     <span class='ocr_line' id='line_1_4' title="bbox 328 807 1425 888; baseline 0.002 -18"><span class='ocrx_word' id='word_1_21' title='bbox 328 809 429 870; x_wconf 83' lang='lat' dir='ltr'><strong>dantes</strong></span> <span class='ocrx_word' id='word_1_22' title='bbox 445 807 563 887; x_wconf 83' lang='lat' dir='ltr'><strong>veiaque</strong></span> <span class='ocrx_word' id='word_1_23' title='bbox 578 811 744 888; x_wconf 88' lang='lat' dir='ltr'><strong>tempestati</strong></span> <span class='ocrx_word' id='word_1_24' title='bbox 760 808 935 871; x_wconf 87' lang='lat' dir='ltr'><strong>subducunt.</strong></span> <span class='ocrx_word' id='word_1_25' title='bbox 966 812 1017 872; x_wconf 91' lang='lat' dir='ltr'><strong>sed</strong></span> <span class='ocrx_word' id='word_1_26' title='bbox 1034 829 1088 871; x_wconf 88' lang='lat' dir='ltr'><strong>nec</strong></span> <span class='ocrx_word' id='word_1_27' title='bbox 1103 819 1199 872; x_wconf 90' lang='lat' dir='ltr'><strong>certus</strong></span> <span class='ocrx_word' id='word_1_28' title='bbox 1212 813 1317 872; x_wconf 89' lang='lat' dir='ltr'><strong>ssuetus</strong></span> <span class='ocrx_word' id='word_1_29' title='bbox 1328 821 1425 872; x_wconf 89' lang='lat' dir='ltr'><strong>ventus</strong></span> 
     </span>
     <span class='ocr_line' id='line_1_5' title="bbox 326 906 1426 987; baseline 0.001 -20"><span class='ocrx_word' id='word_1_30' title='bbox 326 906 490 986; x_wconf 82' lang='lat' dir='ltr'>impulerat,</span> <span class='ocrx_word' id='word_1_31' title='bbox 505 925 632 987; x_wconf 90' lang='lat' dir='ltr'><strong>necque</strong></span> <span class='ocrx_word' id='word_1_32' title='bbox 648 907 805 969; x_wconf 87' lang='lat' dir='ltr'><strong>destinaret</strong></span> <span class='ocrx_word' id='word_1_33' title='bbox 821 925 950 980; x_wconf 90' lang='lat' dir='ltr'><strong>cursum,</strong></span> <span class='ocrx_word' id='word_1_34' title='bbox 968 908 1143 986; x_wconf 90' lang='lat' dir='ltr'><strong>gubernator</strong></span> <span class='ocrx_word' id='word_1_35' title='bbox 1158 908 1276 971; x_wconf 87' lang='lat' dir='ltr'><strong>sciehat.</strong></span> <span class='ocrx_word' id='word_1_36' title='bbox 1307 909 1426 970; x_wconf 82' lang='lat' dir='ltr'><strong>Siciliam</strong></span> 
     </span>
     <span class='ocr_line' id='line_1_6' title="bbox 327 1005 1452 1087; baseline 0.004 -20"><span class='ocrx_word' id='word_1_37' title='bbox 327 1006 417 1067; x_wconf 91' lang='lat' dir='ltr'><strong>modo</strong></span> <span class='ocrx_word' id='word_1_38' title='bbox 430 1013 532 1067; x_wconf 86' lang='lat' dir='ltr'><strong>ventus</strong></span> <span class='ocrx_word' id='word_1_39' title='bbox 545 1006 638 1080; x_wconf 75' lang='lat' dir='ltr'><strong>dabat</strong></span> <span class='ocrx_word' id='word_1_40' title='bbox 650 1007 821 1086; x_wconf 90' lang='lat' dir='ltr'><strong>saepissime</strong></span> <span class='ocrx_word' id='word_1_41' title='bbox 835 1007 874 1084; x_wconf 85' lang='lat' dir='ltr'><strong>[in</strong></span> <span class='ocrx_word' id='word_1_42' title='bbox 887 1008 979 1083; x_wconf 85' lang='lat' dir='ltr'><strong>oram]</strong></span> <span class='ocrx_word' id='word_1_43' title='bbox 993 1005 1084 1067; x_wconf 89' lang='lat' dir='ltr'><strong>italici</strong></span> <span class='ocrx_word' id='word_1_44' title='bbox 1095 1005 1188 1067; x_wconf 90' lang='lat' dir='ltr'><strong>litoris</strong></span> <span class='ocrx_word' id='word_1_45' title='bbox 1200 1007 1297 1086; x_wconf 91' lang='lat' dir='ltr'><strong>aquile</strong></span> <span class='ocrx_word' id='word_1_46' title='bbox 1310 1027 1425 1087; x_wconf 89' lang='lat' dir='ltr'><strong>posses·</strong></span> <span class='ocrx_word' id='word_1_47' title='bbox 1440 1025 1452 1072; x_wconf 84' lang='lat'>5</span> 
     </span>
     <span class='ocr_line' id='line_1_7' title="bbox 328 1103 1425 1184; baseline 0.002 -20"><span class='ocrx_word' id='word_1_48' title='bbox 328 1122 379 1164; x_wconf 93' lang='lat' dir='ltr'><strong>sor</strong></span> <span class='ocrx_word' id='word_1_49' title='bbox 398 1103 584 1166; x_wconf 87' lang='lat' dir='ltr'><strong>convertebat</strong></span> <span class='ocrx_word' id='word_1_50' title='bbox 603 1105 661 1167; x_wconf 92' lang='lat' dir='ltr'><strong>huc</strong></span> <span class='ocrx_word' id='word_1_51' title='bbox 680 1103 750 1165; x_wconf 87' lang='lat' dir='ltr'><strong>illue</strong></span> <span class='ocrx_word' id='word_1_52' title='bbox 771 1105 927 1166; x_wconf 83' lang='lat' dir='ltr'>obnoxiam</span> <span class='ocrx_word' id='word_1_53' title='bbox 942 1111 1048 1176; x_wconf 88' lang='lat' dir='ltr'><strong>ratem,</strong></span> <span class='ocrx_word' id='word_1_54' title='bbox 1070 1112 1098 1165; x_wconf 91' lang='lat' dir='ltr'><strong>et</strong></span> <span class='ocrx_word' id='word_1_55' title='bbox 1113 1105 1191 1183; x_wconf 90' lang='lat' dir='ltr'><strong>quod</strong></span> <span class='ocrx_word' id='word_1_56' title='bbox 1209 1106 1343 1166; x_wconf 92' lang='lat' dir='ltr'><strong>omnibus</strong></span> <span class='ocrx_word' id='word_1_57' title='bbox 1359 1125 1425 1184; x_wconf 91' lang='lat' dir='ltr'><strong>pro-</strong></span> 
     </span>
     <span class='ocr_line' id='line_1_8' title="bbox 328 1202 1426 1283; baseline 0 -19"><span class='ocrx_word' id='word_1_58' title='bbox 328 1202 406 1264; x_wconf 82' lang='lat' dir='ltr'><strong>cellis</strong></span> <span class='ocrx_word' id='word_1_59' title='bbox 427 1202 619 1281; x_wconf 81' lang='lat' dir='ltr'><strong>periculosius</strong></span> <span class='ocrx_word' id='word_1_60' title='bbox 641 1209 716 1273; x_wconf 88' lang='lat' dir='ltr'><strong>erat,</strong></span> <span class='ocrx_word' id='word_1_61' title='bbox 734 1209 794 1262; x_wconf 89' lang='lat' dir='ltr'><strong>tam</strong></span> <span class='ocrx_word' id='word_1_62' title='bbox 816 1203 930 1282; x_wconf 83' lang='lat' dir='ltr'><strong>spissae</strong></span> <span class='ocrx_word' id='word_1_63' title='bbox 949 1211 1069 1282; x_wconf 90' lang='lat' dir='ltr'><strong>repente</strong></span> <span class='ocrx_word' id='word_1_64' title='bbox 1089 1202 1223 1263; x_wconf 86' lang='lat' dir='ltr'><strong>tenebrae</strong></span> <span class='ocrx_word' id='word_1_65' title='bbox 1245 1203 1335 1264; x_wconf 90' lang='lat' dir='ltr'><strong>lucem</strong></span> <span class='ocrx_word' id='word_1_66' title='bbox 1357 1223 1426 1283; x_wconf 94' lang='lat' dir='ltr'><strong>sup-</strong></span> 
     </span>
     <span class='ocr_line' id='line_1_9' title="bbox 327 1297 1425 1382; baseline 0 -20"><span class='ocrx_word' id='word_1_67' title='bbox 327 1307 505 1382; x_wconf 87' lang='lat' dir='ltr'><strong>presserant,</strong></span> <span class='ocrx_word' id='word_1_68' title='bbox 520 1308 553 1361; x_wconf 94' lang='lat' dir='ltr'><strong>ut</strong></span> <span class='ocrx_word' id='word_1_69' title='bbox 567 1319 605 1362; x_wconf 89' lang='lat' dir='ltr'><strong>ne</strong></span> <span class='ocrx_word' id='word_1_70' title='bbox 620 1315 740 1380; x_wconf 89' lang='lat' dir='ltr'><strong>proram</strong></span> <span class='ocrx_word' id='word_1_71' title='bbox 756 1297 872 1376; x_wconf 90' lang='lat' dir='ltr'><strong>quidem</strong></span> <span class='ocrx_word' id='word_1_72' title='bbox 888 1307 980 1360; x_wconf 89' lang='lat' dir='ltr'><strong>totam</strong></span> <span class='ocrx_word' id='word_1_73' title='bbox 996 1301 1175 1378; x_wconf 90' lang='lat' dir='ltr'><strong>gubernator</strong></span> <span class='ocrx_word' id='word_1_74' title='bbox 1191 1303 1307 1363; x_wconf 86' lang='lat' dir='ltr'><strong>videret</strong></span> <span class='ocrx_word' id='word_1_75' title='bbox 1335 1304 1425 1382; x_wconf 86' lang='lat' dir='ltr'><strong>itaque</strong></span> 
     </span>
     <span class='ocr_line' id='line_1_10' title="bbox 327 1387 1424 1479; baseline -0.001 -18"><span class='ocrx_word' id='word_1_76' title='bbox 327 1400 459 1461; x_wconf 87' lang='lat' dir='ltr'><strong>hercules</strong></span> <span class='ocrx_word' id='word_1_77' title='bbox 479 1407 635 1479; x_wconf 88' lang='lat' dir='ltr'><strong>postquam</strong></span> <span class='ocrx_word' id='word_1_78' title='bbox 656 1387 810 1459; x_wconf 78' lang='lat' dir='ltr'><strong>manifesta</strong></span> <span class='ocrx_word' id='word_1_79' title='bbox 829 1413 848 1456; x_wconf 78' lang='lat' dir='ltr'><strong>s</strong></span> <span class='ocrx_word' id='word_1_80' title='bbox 870 1397 1027 1470; x_wconf 86' lang='lat' dir='ltr'><strong>convaluit,</strong></span> <span class='ocrx_word' id='word_1_81' title='bbox 1046 1399 1150 1460; x_wconf 88' lang='lat' dir='ltr'><strong>Lichas</strong></span> <span class='ocrx_word' id='word_1_82' title='bbox 1169 1399 1319 1478; x_wconf 91' lang='lat' dir='ltr'><strong>trepidans</strong></span> <span class='ocrx_word' id='word_1_83' title='bbox 1334 1401 1369 1462; x_wconf 93' lang='lat' dir='ltr'><strong>ad</strong></span> <span class='ocrx_word' id='word_1_84' title='bbox 1384 1419 1424 1460; x_wconf 90' lang='lat' dir='ltr'><strong>me</strong></span> 
     </span>
     <span class='ocr_line' id='line_1_11' title="bbox 328 1484 1464 1579; baseline 0.003 -20"><span class='ocrx_word' id='word_1_85' title='bbox 328 1498 448 1577; x_wconf 90' lang='lat' dir='ltr'><strong>supinas</strong></span> <span class='ocrx_word' id='word_1_86' title='bbox 463 1495 587 1576; x_wconf 88' lang='lat' dir='ltr'><strong>porrigit</strong></span> <span class='ocrx_word' id='word_1_87' title='bbox 601 1512 706 1554; x_wconf 89' lang='lat' dir='ltr'><strong>manus</strong></span> <span class='ocrx_word' id='word_1_88' title='bbox 722 1484 825 1554; x_wconf 74' lang='lat' dir='ltr'><strong>et‘tu&#39;</strong></span> <span class='ocrx_word' id='word_1_89' title='bbox 839 1494 934 1574; x_wconf 95' lang='lat' dir='ltr'><strong>inquit</strong></span> <span class='ocrx_word' id='word_1_90' title='bbox 944 1489 1096 1577; x_wconf 72' lang='lat' dir='ltr'><strong>‘Encolpi</strong></span> <span class='ocrx_word' id='word_1_91' title='bbox 1112 1514 1250 1560; x_wconf 89' lang='lat' dir='ltr'><strong>succurre</strong></span> <span class='ocrx_word' id='word_1_92' title='bbox 1266 1500 1424 1579; x_wconf 82' lang='lat' dir='ltr'><strong>periclitari·</strong></span> <span class='ocrx_word' id='word_1_93' title='bbox 1442 1515 1464 1564; x_wconf 84' lang='lat' dir='ltr'><strong>te</strong></span> 
     </span>
     <span class='ocr_line' id='line_1_12' title="bbox 326 1593 1425 1676; baseline -0.002 -19"><span class='ocrx_word' id='word_1_94' title='bbox 326 1596 419 1670; x_wconf 91' lang='lat' dir='ltr'><strong>tibus,</strong></span> <span class='ocrx_word' id='word_1_95' title='bbox 437 1595 465 1656; x_wconf 93' lang='lat' dir='ltr'><strong>id</strong></span> <span class='ocrx_word' id='word_1_96' title='bbox 485 1604 529 1657; x_wconf 88' lang='lat' dir='ltr'><strong>est</strong></span> <span class='ocrx_word' id='word_1_97' title='bbox 549 1603 658 1657; x_wconf 86' lang='lat' dir='ltr'><strong>vestem</strong></span> <span class='ocrx_word' id='word_1_98' title='bbox 678 1593 755 1655; x_wconf 90' lang='lat' dir='ltr'><strong>iilam</strong></span> <span class='ocrx_word' id='word_1_99' title='bbox 776 1593 902 1654; x_wconf 84' lang='lat' dir='ltr'><strong>divinam</strong></span> <span class='ocrx_word' id='word_1_100' title='bbox 922 1596 1103 1675; x_wconf 87' lang='lat' dir='ltr'><strong>sistrumque</strong></span> <span class='ocrx_word' id='word_1_101' title='bbox 1118 1597 1208 1658; x_wconf 88' lang='lat' dir='ltr'><strong>redde</strong></span> <span class='ocrx_word' id='word_1_102' title='bbox 1227 1598 1351 1676; x_wconf 90' lang='lat' dir='ltr'><strong>navigio.</strong></span> <span class='ocrx_word' id='word_1_103' title='bbox 1379 1615 1425 1675; x_wconf 90' lang='lat' dir='ltr'><strong>per</strong></span> 
     </span>
     <span class='ocr_line' id='line_1_13' title="bbox 327 1686 1100 1773; baseline -0.003 -17"><span class='ocrx_word' id='word_1_104' title='bbox 327 1695 425 1768; x_wconf 89' lang='lat' dir='ltr'><strong>fidem,</strong></span> <span class='ocrx_word' id='word_1_105' title='bbox 441 1694 590 1766; x_wconf 87' lang='lat' dir='ltr'><strong>miserere,</strong></span> <span class='ocrx_word' id='word_1_106' title='bbox 607 1692 854 1773; x_wconf 87' lang='lat' dir='ltr'><strong>quemadmodum</strong></span> <span class='ocrx_word' id='word_1_107' title='bbox 871 1695 987 1772; x_wconf 92' lang='lat' dir='ltr'><strong>quidem</strong></span> <span class='ocrx_word' id='word_1_108' title='bbox 1004 1686 1100 1756; x_wconf 65' lang='lat' dir='ltr'><strong>setes?</strong></span> 
     </span>
    </p>

    <p class='ocr_par' dir='ltr' id='par_1_3' title="bbox 326 1790 1424 1972">
     <span class='ocr_line' id='line_1_14' title="bbox 411 1790 1423 1874; baseline -0.002 -20"><span class='ocrx_word' id='word_1_109' title='bbox 411 1800 439 1854; x_wconf 89' lang='lat' dir='ltr'><strong>et</strong></span> <span class='ocrx_word' id='word_1_110' title='bbox 453 1793 534 1855; x_wconf 92' lang='lat' dir='ltr'><strong>illum</strong></span> <span class='ocrx_word' id='word_1_111' title='bbox 550 1790 667 1870; x_wconf 90' lang='lat' dir='ltr'><strong>quidem</strong></span> <span class='ocrx_word' id='word_1_112' title='bbox 683 1791 890 1852; x_wconf 87' lang='lat' dir='ltr'><strong>vociferantem</strong></span> <span class='ocrx_word' id='word_1_113' title='bbox 906 1792 936 1852; x_wconf 95' lang='lat' dir='ltr'><strong>in</strong></span> <span class='ocrx_word' id='word_1_114' title='bbox 951 1811 1031 1853; x_wconf 89' lang='lat' dir='ltr'><strong>mare</strong></span> <span class='ocrx_word' id='word_1_115' title='bbox 1045 1799 1149 1854; x_wconf 88' lang='lat' dir='ltr'><strong>ventus</strong></span> <span class='ocrx_word' id='word_1_116' title='bbox 1166 1794 1305 1867; x_wconf 85' lang='lat' dir='ltr'><strong>excussit,</strong></span> <span class='ocrx_word' id='word_1_117' title='bbox 1326 1793 1423 1874; x_wconf 89' lang='lat' dir='ltr'><strong>repeti-</strong></span> 
     </span>
     <span class='ocr_line' id='line_1_15' title="bbox 326 1888 1424 1972; baseline -0.004 -18"><span class='ocrx_word' id='word_1_118' title='bbox 326 1900 449 1972; x_wconf 88' lang='lat' dir='ltr'><strong>tumque</strong></span> <span class='ocrx_word' id='word_1_119' title='bbox 469 1892 576 1954; x_wconf 85' lang='lat' dir='ltr'><strong>iniesto</strong></span> <span class='ocrx_word' id='word_1_120' title='bbox 593 1888 704 1968; x_wconf 82' lang='lat' dir='ltr'><strong>gurgite</strong></span> <span class='ocrx_word' id='word_1_121' title='bbox 719 1889 845 1968; x_wconf 89' lang='lat' dir='ltr'><strong>procella</strong></span> <span class='ocrx_word' id='word_1_122' title='bbox 862 1889 1030 1969; x_wconf 84' lang='lat' dir='ltr'><strong>circumegit</strong></span> <span class='ocrx_word' id='word_1_123' title='bbox 1046 1900 1131 1971; x_wconf 90' lang='lat' dir='ltr'><strong>atque</strong></span> <span class='ocrx_word' id='word_1_124' title='bbox 1146 1893 1252 1953; x_wconf 82' lang='lat' dir='ltr'><strong>hausit</strong></span> <span class='ocrx_word' id='word_1_125' title='bbox 1282 1893 1424 1972; x_wconf 85' lang='lat' dir='ltr'><strong>Tryphae-</strong></span> 
     </span>
    </p>

    <p class='ocr_par' dir='ltr' id='par_1_4' title="bbox 299 1987 1461 2247">
     <span class='ocr_line' id='line_1_16' title="bbox 299 1987 1461 2071; baseline -0.005 -18"><span class='ocrx_word' id='word_1_126' title='bbox 299 2033 302 2040; x_wconf 86' lang='lat'>·</span> <span class='ocrx_word' id='word_1_127' title='bbox 326 2009 394 2053; x_wconf 91' lang='lat' dir='ltr'><strong>narn</strong></span> <span class='ocrx_word' id='word_1_128' title='bbox 416 1998 511 2052; x_wconf 88' lang='lat' dir='ltr'><strong>autem</strong></span> <span class='ocrx_word' id='word_1_129' title='bbox 532 2007 626 2069; x_wconf 92' lang='lat' dir='ltr'><strong>prope</strong></span> <span class='ocrx_word' id='word_1_130' title='bbox 645 1988 703 2049; x_wconf 92' lang='lat' dir='ltr'><strong>iam</strong></span> <span class='ocrx_word' id='word_1_131' title='bbox 721 2033 727 2048; x_wconf 93' lang='lat'><strong>.</strong></span> <span class='ocrx_word' id='word_1_132' title='bbox 744 2033 751 2048; x_wconf 91' lang='lat'><strong>.</strong></span> <span class='ocrx_word' id='word_1_133' title='bbox 767 2034 775 2049; x_wconf 89' lang='lat'><strong>.</strong></span> <span class='ocrx_word' id='word_1_134' title='bbox 791 1987 952 2050; x_wconf 89' lang='lat' dir='ltr'><strong>fidelissimi</strong></span> <span class='ocrx_word' id='word_1_135' title='bbox 967 1999 1128 2068; x_wconf 89' lang='lat' dir='ltr'><strong>rapuerunt</strong></span> <span class='ocrx_word' id='word_1_136' title='bbox 1142 1991 1233 2062; x_wconf 87' lang='lat' dir='ltr'><strong>servi,</strong></span> <span class='ocrx_word' id='word_1_137' title='bbox 1250 1992 1423 2071; x_wconf 89' lang='lat' dir='ltr'><strong>scaphaeque</strong></span> <span class='ocrx_word' id='word_1_138' title='bbox 1439 2001 1461 2048; x_wconf 80' lang='lat'><strong>15</strong></span> 
     </span>
     <span class='ocr_line' id='line_1_17' title="bbox 326 2085 1424 2168; baseline -0.002 -19"><span class='ocrx_word' id='word_1_139' title='bbox 326 2089 495 2168; x_wconf 91' lang='lat' dir='ltr'><strong>impositam</strong></span> <span class='ocrx_word' id='word_1_140' title='bbox 523 2105 589 2148; x_wconf 92' lang='lat' dir='ltr'><strong>cum</strong></span> <span class='ocrx_word' id='word_1_141' title='bbox 615 2085 740 2147; x_wconf 86' lang='lat' dir='ltr'><strong>maxima</strong></span> <span class='ocrx_word' id='word_1_142' title='bbox 766 2086 945 2148; x_wconf 91' lang='lat' dir='ltr'><strong>sarcinarum</strong></span> <span class='ocrx_word' id='word_1_143' title='bbox 970 2096 1053 2168; x_wconf 91' lang='lat' dir='ltr'><strong>parte</strong></span> <span class='ocrx_word' id='word_1_144' title='bbox 1083 2086 1229 2150; x_wconf 84' lang='lat' dir='ltr'><strong>abduxere</strong></span> <span class='ocrx_word' id='word_1_145' title='bbox 1254 2089 1424 2151; x_wconf 89' lang='lat' dir='ltr'><strong>certissimae</strong></span> 
     </span>
     <span class='ocr_line' id='line_1_18' title="bbox 327 2185 416 2247; baseline 0.011 -1"><span class='ocrx_word' id='word_1_146' title='bbox 327 2185 416 2247; x_wconf 91' lang='lat' dir='ltr'><strong>morti</strong></span> 
     </span>
    </p>
   </div>
   <div class='ocr_carea' id='block_1_3' title="bbox 414 2280 1502 2436">
    <p class='ocr_par' dir='ltr' id='par_1_5' title="bbox 414 2280 1502 2436">
     <span class='ocr_line' id='line_1_19' title="bbox 865 2280 886 2320; baseline 0 0"><span class='ocrx_word' id='word_1_147' title='bbox 865 2280 886 2320; x_wconf 77' lang='lat' dir='ltr'><strong>a</strong></span> 
     </span>
     <span class='ocr_line' id='line_1_20' title="bbox 414 2346 1502 2436; baseline 0.001 -21"><span class='ocrx_word' id='word_1_148' title='bbox 414 2353 567 2436; x_wconf 89' lang='lat' dir='ltr'><strong>applicitus</strong></span> <span class='ocrx_word' id='word_1_149' title='bbox 583 2374 651 2417; x_wconf 91' lang='lat' dir='ltr'><strong>eum</strong></span> <span class='ocrx_word' id='word_1_150' title='bbox 667 2355 792 2416; x_wconf 90' lang='lat' dir='ltr'><strong>clamore</strong></span> <span class='ocrx_word' id='word_1_151' title='bbox 807 2354 871 2416; x_wconf 86' lang='lat' dir='ltr'><strong>flevi</strong></span> <span class='ocrx_word' id='word_1_152' title='bbox 883 2362 912 2416; x_wconf 91' lang='lat' dir='ltr'><strong>et</strong></span> <span class='ocrx_word' id='word_1_153' title='bbox 922 2347 930 2372; x_wconf 80' lang='lat'><em>‘</em></span> <span class='ocrx_word' id='word_1_154' title='bbox 940 2346 1009 2416; x_wconf 85' lang='lat' dir='ltr'><strong>hoc&#39;</strong></span> <span class='ocrx_word' id='word_1_155' title='bbox 1024 2356 1142 2436; x_wconf 91' lang='lat' dir='ltr'><strong>inquam</strong></span> <span class='ocrx_word' id='word_1_156' title='bbox 1153 2347 1183 2418; x_wconf 79' lang='lat' dir='ltr'><strong>‘a</strong></span> <span class='ocrx_word' id='word_1_157' title='bbox 1194 2357 1250 2419; x_wconf 93' lang='lat' dir='ltr'><strong>diis</strong></span> <span class='ocrx_word' id='word_1_158' title='bbox 1263 2359 1423 2428; x_wconf 86' lang='lat' dir='ltr'><strong>meruimus,</strong></span> <span class='ocrx_word' id='word_1_159' title='bbox 1501 2381 1502 2390; x_wconf 48' lang='lat'>¹</span> 
     </span>
    </p>
   </div>
   <div class='ocr_carea' id='block_1_4' title="bbox 320 2581 1501 4292">
    <p class='ocr_par' dir='ltr' id='par_1_6' title="bbox 320 2581 1501 4292">
     <span class='ocr_line' id='line_1_21' title="bbox 400 2581 1424 2652; baseline 0 -18"><span class='ocrx_word' id='word_1_160' title='bbox 400 2589 414 2634; x_wconf 73' lang='lat' dir='ltr'><strong>i</strong></span> <span class='ocrx_word' id='word_1_161' title='bbox 434 2585 515 2635; x_wconf 86' lang='lat' dir='ltr'><strong>officia</strong></span> <span class='ocrx_word' id='word_1_162' title='bbox 527 2583 552 2633; x_wconf 89' lang='lat' dir='ltr'><em>L</em></span> <span class='ocrx_word' id='word_1_163' title='bbox 570 2582 663 2633; x_wconf 84' lang='lat' dir='ltr'><strong>lincoln</strong></span> <span class='ocrx_word' id='word_1_164' title='bbox 681 2598 760 2647; x_wconf 80' lang='lat' dir='ltr'><strong>super</strong></span> <span class='ocrx_word' id='word_1_165' title='bbox 776 2583 800 2632; x_wconf 85' lang='lat' dir='ltr'><strong>ia</strong></span> <span class='ocrx_word' id='word_1_166' title='bbox 816 2581 895 2632; x_wconf 86' lang='lat' dir='ltr'><strong>ducta</strong></span> <span class='ocrx_word' id='word_1_167' title='bbox 906 2583 934 2632; x_wconf 90' lang='lat' dir='ltr'><strong>in</strong></span> <span class='ocrx_word' id='word_1_168' title='bbox 945 2582 1002 2648; x_wconf 79' lang='lat' dir='ltr'><strong>fine</strong></span> <span class='ocrx_word' id='word_1_169' title='bbox 1015 2598 1105 2632; x_wconf 83' lang='lat' dir='ltr'><strong>uersus</strong></span> <span class='ocrx_word' id='word_1_170' title='bbox 1197 2587 1211 2633; x_wconf 83' lang='lat'><strong>3</strong></span> <span class='ocrx_word' id='word_1_171' title='bbox 1231 2593 1313 2636; x_wconf 89' lang='lat' dir='ltr'><strong>certus</strong></span> <span class='ocrx_word' id='word_1_172' title='bbox 1327 2587 1424 2652; x_wconf 75' lang='lat' dir='ltr'><strong>Iunger-</strong></span> 
     </span>
     <span class='ocr_line' id='line_1_22' title="bbox 327 2653 1349 2722; baseline 0.001 -16"><span class='ocrx_word' id='word_1_173' title='bbox 327 2673 452 2707; x_wconf 83' lang='lat' dir='ltr'><strong>mcnnus:</strong></span> <span class='ocrx_word' id='word_1_174' title='bbox 470 2663 550 2706; x_wconf 87' lang='lat' dir='ltr'><strong>eertos</strong></span> <span class='ocrx_word' id='word_1_175' title='bbox 569 2655 644 2716; x_wconf 58' lang='lat' dir='ltr'><strong>libri*</strong></span> <span class='ocrx_word' id='word_1_176' title='bbox 663 2671 710 2704; x_wconf 87' lang='lat' dir='ltr'><strong>orn.</strong></span> <span class='ocrx_word' id='word_1_177' title='bbox 729 2653 908 2704; x_wconf 83' lang='lat' dir='ltr'><strong>Memmicnus.</strong></span> <span class='ocrx_word' id='word_1_178' title='bbox 946 2654 1033 2719; x_wconf 78' lang='lat' dir='ltr'><strong>opiter</strong></span> <span class='ocrx_word' id='word_1_179' title='bbox 1051 2654 1083 2704; x_wconf 87' lang='lat' dir='ltr'><strong>de</strong></span> <span class='ocrx_word' id='word_1_180' title='bbox 1102 2655 1176 2704; x_wconf 64' lang='lat' dir='ltr'><strong>ozans</strong></span> <span class='ocrx_word' id='word_1_181' title='bbox 1193 2657 1349 2722; x_wconf 65' lang='lat' dir='ltr'><strong>ungentibus</strong></span> 
     </span>
     <span class='ocr_line' id='line_1_23' title="bbox 329 2725 1501 2794; baseline -0.001 -17"><span class='ocrx_word' id='word_1_182' title='bbox 329 2732 345 2777; x_wconf 89' lang='grc'>4</span> <span class='ocrx_word' id='word_1_183' title='bbox 357 2728 472 2794; x_wconf 78' lang='lat' dir='ltr'><strong>fortusse</strong></span> <span class='ocrx_word' id='word_1_184' title='bbox 490 2729 565 2776; x_wconf 89' lang='lat' dir='ltr'><strong>modo</strong></span> <span class='ocrx_word' id='word_1_185' title='bbox 584 2728 691 2776; x_wconf 81' lang='lat' dir='ltr'><strong>Siciliam</strong></span> <span class='ocrx_word' id='word_1_186' title='bbox 709 2733 791 2775; x_wconf 89' lang='lat' dir='ltr'><strong>notus.</strong></span> <span class='ocrx_word' id='word_1_187' title='bbox 822 2725 953 2776; x_wconf 86' lang='lat' dir='ltr'><strong>Iucobsius</strong></span> <span class='ocrx_word' id='word_1_188' title='bbox 971 2741 1069 2790; x_wconf 85' lang='lat' dir='ltr'><strong>quoque</strong></span> <span class='ocrx_word' id='word_1_189' title='bbox 1089 2735 1161 2776; x_wconf 91' lang='lat' dir='ltr'><strong>notus</strong></span> <span class='ocrx_word' id='word_1_190' title='bbox 1175 2728 1326 2780; x_wconf 84' lang='lat' dir='ltr'><strong>coniecerat.</strong></span> <span class='ocrx_word' id='word_1_191' title='bbox 1361 2727 1423 2778; x_wconf 82' lang='lat' dir='ltr'><strong>uede-</strong></span> <span class='ocrx_word' id='word_1_192' title='bbox 1500 2755 1501 2759; x_wconf 63' lang='lat'><em>=</em></span> 
     </span>
     <span class='ocr_line' id='line_1_24' title="bbox 328 2796 1423 2864; baseline -0.004 -15"><span class='ocrx_word' id='word_1_193' title='bbox 328 2799 405 2849; x_wconf 82' lang='lat' dir='ltr'><strong>batur</strong></span> <span class='ocrx_word' id='word_1_194' title='bbox 427 2799 505 2849; x_wconf 85' lang='lat' dir='ltr'><strong>nouis</strong></span> <span class='ocrx_word' id='word_1_195' title='bbox 528 2815 545 2847; x_wconf 86' lang='lat' dir='ltr'><strong>o</strong></span> <span class='ocrx_word' id='word_1_196' title='bbox 566 2797 697 2862; x_wconf 74' lang='lat' dir='ltr'><strong>Campano</strong></span> <span class='ocrx_word' id='word_1_197' title='bbox 719 2797 801 2846; x_wconf 86' lang='lat' dir='ltr'><strong>littore</strong></span> <span class='ocrx_word' id='word_1_198' title='bbox 823 2796 974 2860; x_wconf 81' lang='lat' dir='ltr'><strong>Tarentum,</strong></span> <span class='ocrx_word' id='word_1_199' title='bbox 998 2797 1125 2862; x_wconf 68' lang='lat' dir='ltr'><strong>naufragi</strong></span> <span class='ocrx_word' id='word_1_200' title='bbox 1144 2799 1227 2862; x_wconf 82' lang='lat' dir='ltr'><strong>paulo</strong></span> <span class='ocrx_word' id='word_1_201' title='bbox 1245 2809 1306 2864; x_wconf 81' lang='lat' dir='ltr'><strong>post</strong></span> <span class='ocrx_word' id='word_1_202' title='bbox 1326 2800 1423 2851; x_wconf 74' lang='lat' dir='ltr'><strong>Crotona</strong></span> 
     </span>
     <span class='ocr_line' id='line_1_25' title="bbox 328 2867 1424 2935; baseline -0.002 -15"><span class='ocrx_word' id='word_1_203' title='bbox 328 2869 488 2934; x_wconf 76' lang='lat' dir='ltr'><strong>deferuntur.</strong></span> <span class='ocrx_word' id='word_1_204' title='bbox 525 2869 612 2933; x_wconf 85' lang='lat' dir='ltr'><strong>itaque</strong></span> <span class='ocrx_word' id='word_1_205' title='bbox 636 2869 698 2919; x_wconf 86' lang='lat' dir='ltr'><strong>dum</strong></span> <span class='ocrx_word' id='word_1_206' title='bbox 722 2869 850 2933; x_wconf 69' lang='lat' dir='ltr'><strong>nauigant</strong></span> <span class='ocrx_word' id='word_1_207' title='bbox 867 2884 919 2932; x_wconf 81' lang='lat' dir='ltr'><strong>per</strong></span> <span class='ocrx_word' id='word_1_208' title='bbox 932 2867 1034 2935; x_wconf 85' lang='lat' dir='ltr'><strong>fretum</strong></span> <span class='ocrx_word' id='word_1_209' title='bbox 1052 2867 1180 2931; x_wconf 79' lang='lat' dir='ltr'><strong>Siculum,</strong></span> <span class='ocrx_word' id='word_1_210' title='bbox 1205 2869 1289 2935; x_wconf 80' lang='lat' dir='ltr'><strong>africo</strong></span> <span class='ocrx_word' id='word_1_211' title='bbox 1313 2871 1424 2923; x_wconf 82' lang='lat' dir='ltr'><strong>simulet</strong></span> 
     </span>
     <span class='ocr_line' id='line_1_26' title="bbox 328 2939 1422 3006; baseline -0.002 -17"><span class='ocrx_word' id='word_1_212' title='bbox 328 2939 418 2992; x_wconf 82' lang='lat' dir='ltr'><strong>boreae</strong></span> <span class='ocrx_word' id='word_1_213' title='bbox 437 2940 540 2990; x_wconf 64' lang='lat' dir='ltr'><strong>obnoxii</strong></span> <span class='ocrx_word' id='word_1_214' title='bbox 551 2940 695 3004; x_wconf 78' lang='lat' dir='ltr'><strong>periclitati</strong></span> <span class='ocrx_word' id='word_1_215' title='bbox 712 2939 837 2990; x_wconf 81' lang='lat' dir='ltr'><strong>uidentur</strong></span> <span class='ocrx_word' id='word_1_216' title='bbox 945 2943 959 2989; x_wconf 89' lang='lat'>5</span> <span class='ocrx_word' id='word_1_217' title='bbox 979 2941 1123 2989; x_wconf 86' lang='lat' dir='ltr'><strong>ostendebat</strong></span> <span class='ocrx_word' id='word_1_218' title='bbox 1144 2958 1232 3006; x_wconf 72' lang='lat' dir='ltr'><strong>margo</strong></span> <span class='ocrx_word' id='word_1_219' title='bbox 1252 2950 1262 2990; x_wconf 92' lang='lat' dir='ltr'><strong>t</strong></span> <span class='ocrx_word' id='word_1_220' title='bbox 1366 2940 1422 2992; x_wconf 75' lang='lat' dir='ltr'><strong>ennio</strong></span> 
     </span>
     <span class='ocr_line' id='line_1_27' title="bbox 328 3005 1422 3076; baseline -0.002 -15"><span class='ocrx_word' id='word_1_221' title='bbox 328 3015 425 3076; x_wconf 85' lang='lat' dir='ltr'><strong>saepius</strong></span> <span class='ocrx_word' id='word_1_222' title='bbox 532 3013 558 3060; x_wconf 93' lang='lat' dir='ltr'><strong>in</strong></span> <span class='ocrx_word' id='word_1_223' title='bbox 577 3028 646 3062; x_wconf 90' lang='lat' dir='ltr'><strong>oram</strong></span> <span class='ocrx_word' id='word_1_224' title='bbox 666 3020 687 3061; x_wconf 84' lang='lat' dir='ltr'><strong>t:</strong></span> <span class='ocrx_word' id='word_1_225' title='bbox 707 3028 754 3063; x_wconf 89' lang='lat' dir='ltr'><strong>om.</strong></span> <span class='ocrx_word' id='word_1_226' title='bbox 767 3012 818 3076; x_wconf 84' lang='lat' dir='ltr'><strong>Lp,</strong></span> <span class='ocrx_word' id='word_1_227' title='bbox 838 3007 915 3076; x_wconf 67' lang='lat' dir='ltr'><strong>uulgo</strong></span> <span class='ocrx_word' id='word_1_228' title='bbox 1021 3013 1158 3076; x_wconf 86' lang='lat' dir='ltr'><strong>possessor]</strong></span> <span class='ocrx_word' id='word_1_229' title='bbox 1176 3005 1272 3063; x_wconf 71' lang='lat' dir='ltr'><strong>‘uentus</strong></span> <span class='ocrx_word' id='word_1_230' title='bbox 1290 3015 1350 3065; x_wconf 85' lang='lat' dir='ltr'><strong>aliis</strong></span> <span class='ocrx_word' id='word_1_231' title='bbox 1366 3011 1422 3063; x_wconf 83' lang='lat' dir='ltr'><strong>uoti-</strong></span> 
     </span>
     <span class='ocr_line' id='line_1_28' title="bbox 329 3076 1422 3148; baseline 0 -16"><span class='ocrx_word' id='word_1_232' title='bbox 329 3076 397 3132; x_wconf 86' lang='lat' dir='ltr'><strong>dior&#39;</strong></span> <span class='ocrx_word' id='word_1_233' title='bbox 418 3099 507 3148; x_wconf 76' lang='lat' dir='ltr'><strong>usurpo</strong></span> <span class='ocrx_word' id='word_1_234' title='bbox 526 3089 535 3131; x_wconf 86' lang='lat' dir='ltr'><strong>t</strong></span> <span class='ocrx_word' id='word_1_235' title='bbox 655 3087 668 3132; x_wconf 90' lang='lat'>6</span> <span class='ocrx_word' id='word_1_236' title='bbox 689 3085 720 3132; x_wconf 88' lang='lat' dir='ltr'><strong>ad</strong></span> <span class='ocrx_word' id='word_1_237' title='bbox 739 3085 841 3132; x_wconf 85' lang='lat' dir='ltr'><strong>noxiam</strong></span> <span class='ocrx_word' id='word_1_238' title='bbox 859 3083 1031 3132; x_wconf 84' lang='lat' dir='ltr'><strong>Memmianus</strong></span> <span class='ocrx_word' id='word_1_239' title='bbox 1150 3094 1229 3134; x_wconf 83' lang='lat' dir='ltr'><strong>ratem</strong></span> <span class='ocrx_word' id='word_1_240' title='bbox 1249 3085 1422 3136; x_wconf 80' lang='lat' dir='ltr'><strong>Goldastiono:</strong></span> 
     </span>
     <span class='ocr_line' id='line_1_29' title="bbox 328 3153 1329 3221; baseline 0.003 -17"><span class='ocrx_word' id='word_1_241' title='bbox 328 3164 424 3220; x_wconf 86' lang='lat' dir='ltr'><strong>partem</strong></span> <span class='ocrx_word' id='word_1_242' title='bbox 442 3153 509 3205; x_wconf 81' lang='lat' dir='ltr'><strong>iibri.</strong></span> <span class='ocrx_word' id='word_1_243' title='bbox 546 3168 646 3216; x_wconf 90' lang='lat' dir='ltr'><strong>proram</strong></span> <span class='ocrx_word' id='word_1_244' title='bbox 664 3162 777 3221; x_wconf 70' lang='lat' dir='ltr'><strong>margot</strong></span> <span class='ocrx_word' id='word_1_245' title='bbox 884 3156 1075 3218; x_wconf 76' lang='lat' dir='ltr'><strong>iprocedosius</strong></span> <span class='ocrx_word' id='word_1_246' title='bbox 1095 3161 1112 3218; x_wconf 83' lang='lat' dir='ltr'><strong>t,</strong></span> <span class='ocrx_word' id='word_1_247' title='bbox 1134 3171 1159 3206; x_wconf 90' lang='lat' dir='ltr'><strong>u.</strong></span> <span class='ocrx_word' id='word_1_248' title='bbox 1179 3173 1198 3205; x_wconf 90' lang='lat' dir='ltr'><strong>c.</strong></span> <span class='ocrx_word' id='word_1_249' title='bbox 1219 3157 1329 3207; x_wconf 78' lang='lat' dir='ltr'><strong>Douzae</strong></span> 
     </span>
     <span class='ocr_line' id='line_1_30' title="bbox 330 3225 1422 3291; baseline -0.001 -14"><span class='ocrx_word' id='word_1_250' title='bbox 330 3230 344 3278; x_wconf 88' lang='grc'>9</span> <span class='ocrx_word' id='word_1_251' title='bbox 370 3227 407 3276; x_wconf 84' lang='lat' dir='ltr'><strong>sic</strong></span> <span class='ocrx_word' id='word_1_252' title='bbox 424 3225 449 3276; x_wconf 87' lang='lat' dir='ltr'><em>L</em></span> <span class='ocrx_word' id='word_1_253' title='bbox 468 3225 616 3274; x_wconf 69' lang='lat' dir='ltr'><strong>asteriscum</strong></span> <span class='ocrx_word' id='word_1_254' title='bbox 638 3226 666 3275; x_wconf 94' lang='lat' dir='ltr'><strong>in</strong></span> <span class='ocrx_word' id='word_1_255' title='bbox 690 3226 805 3291; x_wconf 73' lang='lat' dir='ltr'><strong>margine</strong></span> <span class='ocrx_word' id='word_1_256' title='bbox 824 3234 953 3291; x_wconf 78' lang='lat' dir='ltr'><strong>repetens:</strong></span> <span class='ocrx_word' id='word_1_257' title='bbox 976 3227 1094 3275; x_wconf 88' lang='lat' dir='ltr'><strong>Hercules</strong></span> <span class='ocrx_word' id='word_1_258' title='bbox 1118 3236 1249 3291; x_wconf 88' lang='lat' dir='ltr'><strong>postquam</strong></span> <span class='ocrx_word' id='word_1_259' title='bbox 1268 3247 1285 3277; x_wconf 74' lang='lat' dir='ltr'><strong>s</strong></span> <span class='ocrx_word' id='word_1_260' title='bbox 1304 3229 1422 3279; x_wconf 77' lang='lat' dir='ltr'><strong>manifesta</strong></span> 
     </span>
     <span class='ocr_line' id='line_1_31' title="bbox 328 3296 1422 3362; baseline -0.005 -13"><span class='ocrx_word' id='word_1_261' title='bbox 328 3301 455 3350; x_wconf 89' lang='lat' dir='ltr'><strong>conualuit</strong></span> <span class='ocrx_word' id='word_1_262' title='bbox 463 3305 501 3362; x_wconf 84' lang='lat' dir='ltr'><strong>pt.</strong></span> <span class='ocrx_word' id='word_1_263' title='bbox 538 3296 566 3347; x_wconf 86' lang='lat' dir='ltr'><strong>in</strong></span> <span class='ocrx_word' id='word_1_264' title='bbox 585 3303 637 3345; x_wconf 85' lang='lat' dir='ltr'><strong>tum</strong></span> <span class='ocrx_word' id='word_1_265' title='bbox 654 3297 741 3348; x_wconf 82' lang='lat' dir='ltr'><strong>luceru</strong></span> <span class='ocrx_word' id='word_1_266' title='bbox 758 3299 883 3347; x_wconf 85' lang='lat' dir='ltr'><strong>sententie</strong></span> <span class='ocrx_word' id='word_1_267' title='bbox 900 3297 1037 3362; x_wconf 66' lang='lat' dir='ltr'><strong>euphroni</strong></span> <span class='ocrx_word' id='word_1_268' title='bbox 1054 3296 1127 3361; x_wconf 81' lang='lat' dir='ltr'><strong>nihil,</strong></span> <span class='ocrx_word' id='word_1_269' title='bbox 1146 3298 1267 3348; x_wconf 84' lang='lat' dir='ltr'><strong>ludebam</strong></span> <span class='ocrx_word' id='word_1_270' title='bbox 1284 3301 1356 3350; x_wconf 78' lang='lat' dir='ltr'><strong>reciet</strong></span> <span class='ocrx_word' id='word_1_271' title='bbox 1370 3299 1422 3348; x_wconf 83' lang='lat' dir='ltr'><strong>boec</strong></span> 
     </span>
     <span class='ocr_line' id='line_1_32' title="bbox 328 3370 1421 3436; baseline -0.004 -14"><span class='ocrx_word' id='word_1_272' title='bbox 328 3374 410 3436; x_wconf 88' lang='lat' dir='ltr'><strong>itaque</strong></span> <span class='ocrx_word' id='word_1_273' title='bbox 439 3379 572 3436; x_wconf 86' lang='lat' dir='ltr'><strong>postquam</strong></span> <span class='ocrx_word' id='word_1_274' title='bbox 599 3371 731 3420; x_wconf 81' lang='lat' dir='ltr'><strong>manifesta</strong></span> <span class='ocrx_word' id='word_1_275' title='bbox 754 3371 925 3433; x_wconf 78' lang='lat' dir='ltr'><strong>gubernatoris</strong></span> <span class='ocrx_word' id='word_1_276' title='bbox 948 3370 1114 3432; x_wconf 87' lang='lat' dir='ltr'><strong>imprudentia</strong></span> <span class='ocrx_word' id='word_1_277' title='bbox 1137 3372 1274 3434; x_wconf 90' lang='lat' dir='ltr'><strong>periculum</strong></span> <span class='ocrx_word' id='word_1_278' title='bbox 1301 3371 1421 3422; x_wconf 88' lang='lat' dir='ltr'><strong>conualuit.</strong></span> 
     </span>
     <span class='ocr_line' id='line_1_33' title="bbox 327 3441 1421 3507; baseline -0.005 -13"><span class='ocrx_word' id='word_1_279' title='bbox 327 3444 393 3494; x_wconf 77' lang='lat' dir='ltr'><strong>neele</strong></span> <span class='ocrx_word' id='word_1_280' title='bbox 417 3444 536 3494; x_wconf 89' lang='lat' dir='ltr'><strong>Hercules</strong></span> <span class='ocrx_word' id='word_1_281' title='bbox 564 3441 707 3491; x_wconf 80' lang='lat' dir='ltr'><strong>tolerarunt</strong></span> <span class='ocrx_word' id='word_1_282' title='bbox 730 3457 828 3500; x_wconf 57' lang='lat' dir='ltr'><strong>ornnem</strong></span> <span class='ocrx_word' id='word_1_283' title='bbox 857 3448 990 3504; x_wconf 88' lang='lat' dir='ltr'><strong>postquam</strong></span> <span class='ocrx_word' id='word_1_284' title='bbox 1017 3442 1091 3489; x_wconf 87' lang='lat' dir='ltr'><strong>maris</strong></span> <span class='ocrx_word' id='word_1_285' title='bbox 1119 3450 1201 3490; x_wconf 86' lang='lat' dir='ltr'><strong>aestus</strong></span> <span class='ocrx_word' id='word_1_286' title='bbox 1228 3449 1276 3491; x_wconf 84' lang='lat' dir='ltr'><strong>aut</strong></span> <span class='ocrx_word' id='word_1_287' title='bbox 1299 3449 1421 3507; x_wconf 74' lang='lat' dir='ltr'><strong>tempestus</strong></span> 
     </span>
     <span class='ocr_line' id='line_1_34' title="bbox 328 3513 1420 3577; baseline -0.005 -12"><span class='ocrx_word' id='word_1_288' title='bbox 328 3517 454 3566; x_wconf 89' lang='lat' dir='ltr'><strong>conualuit</strong></span> <span class='ocrx_word' id='word_1_289' title='bbox 477 3514 611 3576; x_wconf 76' lang='lat' dir='ltr'><strong>Pithoeus,</strong></span> <span class='ocrx_word' id='word_1_290' title='bbox 634 3523 767 3577; x_wconf 87' lang='lat' dir='ltr'><strong>postquam</strong></span> <span class='ocrx_word' id='word_1_291' title='bbox 791 3527 847 3575; x_wconf 84' lang='lat' dir='ltr'><strong>spes</strong></span> <span class='ocrx_word' id='word_1_292' title='bbox 869 3513 949 3560; x_wconf 91' lang='lat' dir='ltr'><strong>omnis</strong></span> <span class='ocrx_word' id='word_1_293' title='bbox 971 3513 1101 3561; x_wconf 85' lang='lat' dir='ltr'><strong>manifesto</strong></span> <span class='ocrx_word' id='word_1_294' title='bbox 1123 3514 1231 3562; x_wconf 85' lang='lat' dir='ltr'><strong>euolauit</strong></span> <span class='ocrx_word' id='word_1_295' title='bbox 1252 3513 1420 3564; x_wconf 81' lang='lat' dir='ltr'><strong>Bourdsietua</strong></span> 
     </span>
     <span class='ocr_line' id='line_1_35' title="bbox 328 3581 1420 3647; baseline -0.007 -11"><span class='ocrx_word' id='word_1_296' title='bbox 328 3603 380 3636; x_wconf 83' lang='lat' dir='ltr'><strong>nox</strong></span> <span class='ocrx_word' id='word_1_297' title='bbox 399 3585 504 3636; x_wconf 86' lang='lat' dir='ltr'><strong>eddidit</strong></span> <span class='ocrx_word' id='word_1_298' title='bbox 520 3585 649 3637; x_wconf 84' lang='lat' dir='ltr'><strong>Reishius.</strong></span> <span class='ocrx_word' id='word_1_299' title='bbox 686 3585 788 3633; x_wconf 87' lang='lat' dir='ltr'><strong>inuaiuit</strong></span> <span class='ocrx_word' id='word_1_300' title='bbox 807 3581 937 3632; x_wconf 84' lang='lat' dir='ltr'><strong>Meursius</strong></span> <span class='ocrx_word' id='word_1_301' title='bbox 1055 3585 1164 3647; x_wconf 85' lang='lat' dir='ltr'><strong>trepidus</strong></span> <span class='ocrx_word' id='word_1_302' title='bbox 1183 3584 1207 3633; x_wconf 89' lang='lat' dir='ltr'><em>L</em></span> <span class='ocrx_word' id='word_1_303' title='bbox 1334 3588 1363 3635; x_wconf 88' lang='lat'><strong>10</strong></span> <span class='ocrx_word' id='word_1_304' title='bbox 1380 3585 1420 3632; x_wconf 87' lang='lat' dir='ltr'><strong>En·</strong></span> 
     </span>
     <span class='ocr_line' id='line_1_36' title="bbox 328 3651 1498 3721; baseline -0.003 -16"><span class='ocrx_word' id='word_1_305' title='bbox 328 3658 393 3720; x_wconf 88' lang='lat' dir='ltr'><strong>coipi</strong></span> <span class='ocrx_word' id='word_1_306' title='bbox 411 3656 472 3706; x_wconf 82' lang='lat' dir='ltr'><strong>libri</strong></span> <span class='ocrx_word' id='word_1_307' title='bbox 616 3661 645 3705; x_wconf 94' lang='lat' dir='ltr'><strong>ll</strong></span> <span class='ocrx_word' id='word_1_308' title='bbox 665 3657 690 3705; x_wconf 93' lang='lat' dir='ltr'><strong>id</strong></span> <span class='ocrx_word' id='word_1_309' title='bbox 708 3653 754 3721; x_wconf 69' lang='lat' dir='ltr'><strong>est]</strong></span> <span class='ocrx_word' id='word_1_310' title='bbox 774 3652 953 3720; x_wconf 75' lang='lat' dir='ltr'><strong>corripendum</strong></span> <span class='ocrx_word' id='word_1_311' title='bbox 972 3661 996 3703; x_wconf 88' lang='lat' dir='ltr'><strong>et</strong></span> <span class='ocrx_word' id='word_1_312' title='bbox 1141 3659 1171 3704; x_wconf 84' lang='lat'><strong>12</strong></span> <span class='ocrx_word' id='word_1_313' title='bbox 1192 3659 1317 3719; x_wconf 86' lang='lat' dir='ltr'><strong>quondam</strong></span> <span class='ocrx_word' id='word_1_314' title='bbox 1339 3651 1422 3719; x_wconf 75' lang='lat' dir='ltr'><strong>aliquis</strong></span> <span class='ocrx_word' id='word_1_315' title='bbox 1497 3659 1498 3662; x_wconf 78' lang='grc'>’</span> 
     </span>
     <span class='ocr_line' id='line_1_37' title="bbox 328 3725 1421 3792; baseline -0.002 -18"><span class='ocrx_word' id='word_1_316' title='bbox 328 3725 453 3777; x_wconf 74' lang='lat' dir='ltr'><strong>laudatam</strong></span> <span class='ocrx_word' id='word_1_317' title='bbox 477 3744 494 3775; x_wconf 86' lang='lat' dir='ltr'><strong>a</strong></span> <span class='ocrx_word' id='word_1_318' title='bbox 517 3727 641 3790; x_wconf 77' lang='lat' dir='ltr'><strong>Rosciam,</strong></span> <span class='ocrx_word' id='word_1_319' title='bbox 665 3727 780 3792; x_wconf 82' lang='lat' dir='ltr'><strong>fortusse</strong></span> <span class='ocrx_word' id='word_1_320' title='bbox 805 3726 905 3776; x_wconf 82' lang='lat' dir='ltr'><strong>Deuca.</strong></span> <span class='ocrx_word' id='word_1_321' title='bbox 942 3725 1027 3789; x_wconf 81' lang='lat' dir='ltr'><strong>probo</strong></span> <span class='ocrx_word' id='word_1_322' title='bbox 1051 3728 1147 3777; x_wconf 89' lang='lat' dir='ltr'><strong>solebas</strong></span> <span class='ocrx_word' id='word_1_323' title='bbox 1286 3729 1367 3792; x_wconf 79' lang='lat' dir='ltr'><strong>pluro</strong></span> <span class='ocrx_word' id='word_1_324' title='bbox 1386 3738 1421 3772; x_wconf 82' lang='lat' dir='ltr'><strong>uc-</strong></span> 
     </span>
     <span class='ocr_line' id='line_1_38' title="bbox 329 3797 1351 3863; baseline 0.004 -17"><span class='ocrx_word' id='word_1_325' title='bbox 329 3811 388 3846; x_wconf 82' lang='lat' dir='ltr'><strong>reor</strong></span> <span class='ocrx_word' id='word_1_326' title='bbox 404 3813 437 3847; x_wconf 89' lang='lat' dir='ltr'><strong>ne</strong></span> <span class='ocrx_word' id='word_1_327' title='bbox 454 3797 633 3848; x_wconf 73' lang='lat' dir='ltr'><strong>interciderint</strong></span> <span class='ocrx_word' id='word_1_328' title='bbox 649 3799 677 3848; x_wconf 90' lang='lat' dir='ltr'><strong>in</strong></span> <span class='ocrx_word' id='word_1_329' title='bbox 695 3798 786 3863; x_wconf 81' lang='lat' dir='ltr'><strong>quibus</strong></span> <span class='ocrx_word' id='word_1_330' title='bbox 805 3798 892 3847; x_wconf 76' lang='lat' dir='ltr'><strong>uiduae</strong></span> <span class='ocrx_word' id='word_1_331' title='bbox 904 3797 1001 3846; x_wconf 85' lang='lat' dir='ltr'><strong>Lichas</strong></span> <span class='ocrx_word' id='word_1_332' title='bbox 1019 3797 1167 3863; x_wconf 60' lang='lat' dir='ltr'><strong>uociferans</strong></span> <span class='ocrx_word' id='word_1_333' title='bbox 1185 3797 1351 3850; x_wconf 84' lang='lat' dir='ltr'><strong>induceretur</strong></span> 
     </span>
     <span class='ocr_line' id='line_1_39' title="bbox 331 3868 1422 3934; baseline 0.005 -18"><span class='ocrx_word' id='word_1_334' title='bbox 331 3869 363 3916; x_wconf 83' lang='lat'><strong>13</strong></span> <span class='ocrx_word' id='word_1_335' title='bbox 382 3876 506 3932; x_wconf 87' lang='lat' dir='ltr'><strong>raptatum</strong></span> <span class='ocrx_word' id='word_1_336' title='bbox 519 3871 588 3932; x_wconf 74' lang='lat' dir='ltr'><strong>pree</strong></span> <span class='ocrx_word' id='word_1_337' title='bbox 606 3871 737 3934; x_wconf 88' lang='lat' dir='ltr'><strong>repetitum</strong></span> <span class='ocrx_word' id='word_1_338' title='bbox 755 3869 882 3931; x_wconf 82' lang='lat' dir='ltr'><strong>improbet</strong></span> <span class='ocrx_word' id='word_1_339' title='bbox 904 3868 1023 3918; x_wconf 81' lang='lat' dir='ltr'><strong>Heinsius</strong></span> <span class='ocrx_word' id='word_1_340' title='bbox 1151 3873 1182 3918; x_wconf 81' lang='lat'><strong>15</strong></span> <span class='ocrx_word' id='word_1_341' title='bbox 1201 3873 1368 3921; x_wconf 81' lang='lat' dir='ltr'><strong>exanimatam</strong></span> <span class='ocrx_word' id='word_1_342' title='bbox 1383 3871 1422 3915; x_wconf 85' lang='lat' dir='ltr'><strong>ant</strong></span> 
     </span>
     <span class='ocr_line' id='line_1_40' title="bbox 328 3937 1497 4006; baseline -0.001 -19"><span class='ocrx_word' id='word_1_343' title='bbox 328 3937 409 3988; x_wconf 81' lang='lat' dir='ltr'><strong>simile</strong></span> <span class='ocrx_word' id='word_1_344' title='bbox 422 3938 533 4003; x_wconf 78' lang='lat' dir='ltr'><strong>periisse</strong></span> <span class='ocrx_word' id='word_1_345' title='bbox 551 3941 643 3990; x_wconf 85' lang='lat' dir='ltr'><strong>stetui:</strong></span> <span class='ocrx_word' id='word_1_346' title='bbox 661 3957 794 4006; x_wconf 89' lang='lat' dir='ltr'><strong>properam</strong></span> <span class='ocrx_word' id='word_1_347' title='bbox 814 3939 962 4004; x_wconf 78' lang='lat' dir='ltr'><strong>Gulielmue,</strong></span> <span class='ocrx_word' id='word_1_348' title='bbox 982 3948 1142 4004; x_wconf 85' lang='lat' dir='ltr'><strong>properantes</strong></span> <span class='ocrx_word' id='word_1_349' title='bbox 1162 3939 1286 4006; x_wconf 69' lang='lat' dir='ltr'><strong>Caper-ras,</strong></span> <span class='ocrx_word' id='word_1_350' title='bbox 1304 3942 1420 4005; x_wconf 81' lang='lat' dir='ltr'><strong>cuiprue-</strong></span> <span class='ocrx_word' id='word_1_351' title='bbox 1496 3943 1497 3981; x_wconf 86' lang='lat' dir='ltr'><strong>i</strong></span> 
     </span>
     <span class='ocr_line' id='line_1_41' title="bbox 320 4009 1420 4080; baseline -0.003 -22"><span class='ocrx_word' id='word_1_352' title='bbox 320 4009 423 4076; x_wconf 82' lang='lat' dir='ltr'><strong>ferrem</strong></span> <span class='ocrx_word' id='word_1_353' title='bbox 441 4025 519 4075; x_wconf 89' lang='lat' dir='ltr'><strong>prope</strong></span> <span class='ocrx_word' id='word_1_354' title='bbox 538 4011 647 4060; x_wconf 85' lang='lat' dir='ltr'><strong>Licham</strong></span> <span class='ocrx_word' id='word_1_355' title='bbox 664 4020 771 4061; x_wconf 84' lang='lat' dir='ltr'><strong>stantem</strong></span> <span class='ocrx_word' id='word_1_356' title='bbox 881 4016 912 4060; x_wconf 88' lang='grc'><strong>16</strong></span> <span class='ocrx_word' id='word_1_357' title='bbox 932 4019 993 4076; x_wconf 81' lang='lat' dir='ltr'><strong>post</strong></span> <span class='ocrx_word' id='word_1_358' title='bbox 1010 4014 1134 4062; x_wconf 86' lang='lat' dir='ltr'><strong>abduxere</strong></span> <span class='ocrx_word' id='word_1_359' title='bbox 1153 4013 1311 4080; x_wconf 74' lang='lat' dir='ltr'><strong>interpunqit</strong></span> <span class='ocrx_word' id='word_1_360' title='bbox 1329 4009 1420 4063; x_wconf 85' lang='lat' dir='ltr'><strong>certissi-</strong></span> 
     </span>
     <span class='ocr_line' id='line_1_42' title="bbox 328 4081 1419 4150; baseline -0.005 -19"><span class='ocrx_word' id='word_1_361' title='bbox 328 4096 385 4131; x_wconf 90' lang='lat' dir='ltr'><strong>mae</strong></span> <span class='ocrx_word' id='word_1_362' title='bbox 404 4083 478 4131; x_wconf 87' lang='lat' dir='ltr'><strong>morti</strong></span> <span class='ocrx_word' id='word_1_363' title='bbox 495 4083 624 4146; x_wconf 87' lang='lat' dir='ltr'><strong>applicitus</strong></span> <span class='ocrx_word' id='word_1_364' title='bbox 642 4082 765 4146; x_wconf 83' lang='lat' dir='ltr'><strong>copulans</strong></span> <span class='ocrx_word' id='word_1_365' title='bbox 779 4092 802 4132; x_wconf 86' lang='lat' dir='ltr'><strong>t:</strong></span> <span class='ocrx_word' id='word_1_366' title='bbox 816 4091 876 4147; x_wconf 81' lang='lat' dir='ltr'><strong>post</strong></span> <span class='ocrx_word' id='word_1_367' title='bbox 893 4085 967 4133; x_wconf 87' lang='lat' dir='ltr'><strong>morti</strong></span> <span class='ocrx_word' id='word_1_368' title='bbox 984 4083 1172 4149; x_wconf 71' lang='lat' dir='ltr'><strong>interpunqunt</strong></span> <span class='ocrx_word' id='word_1_369' title='bbox 1184 4085 1235 4147; x_wconf 81' lang='lat' dir='ltr'><strong>Lp.</strong></span> <span class='ocrx_word' id='word_1_370' title='bbox 1269 4085 1355 4150; x_wconf 78' lang='lat' dir='ltr'><strong>potius</strong></span> <span class='ocrx_word' id='word_1_371' title='bbox 1371 4081 1419 4129; x_wconf 90' lang='lat' dir='ltr'><strong>sub·</strong></span> 
     </span>
     <span class='ocr_line' id='line_1_43' title="bbox 328 4149 1496 4226; baseline -0.005 -22"><span class='ocrx_word' id='word_1_372' title='bbox 328 4156 421 4218; x_wconf 69' lang='lat' dir='ltr'><strong>dupere</strong></span> <span class='ocrx_word' id='word_1_373' title='bbox 531 4156 559 4202; x_wconf 87' lang='grc'><strong>17</strong></span> <span class='ocrx_word' id='word_1_374' title='bbox 581 4153 690 4202; x_wconf 84' lang='lat' dir='ltr'><strong>lacunae</strong></span> <span class='ocrx_word' id='word_1_375' title='bbox 707 4154 807 4219; x_wconf 65' lang='lat' dir='ltr'><strong>signum</strong></span> <span class='ocrx_word' id='word_1_376' title='bbox 825 4154 923 4204; x_wconf 81' lang='lat' dir='ltr'><strong>indidit</strong></span> <span class='ocrx_word' id='word_1_377' title='bbox 934 4171 964 4220; x_wconf 81' lang='lat' dir='ltr'><strong>p.</strong></span> <span class='ocrx_word' id='word_1_378' title='bbox 1001 4154 1107 4205; x_wconf 87' lang='lat' dir='ltr'><strong>addidit</strong></span> <span class='ocrx_word' id='word_1_379' title='bbox 1126 4155 1263 4205; x_wconf 74' lang='lat' dir='ltr'><strong>Gmuaiius</strong></span> <span class='ocrx_word' id='word_1_380' title='bbox 1282 4172 1327 4221; x_wconf 86' lang='lat' dir='ltr'><strong>ego</strong></span> <span class='ocrx_word' id='word_1_381' title='bbox 1346 4149 1419 4204; x_wconf 87' lang='lat' dir='ltr'><strong>Gitoni</strong></span> <span class='ocrx_word' id='word_1_382' title='bbox 1495 4176 1496 4226; x_wconf 63' lang='lat'>1</span> 
     </span>
     <span class='ocr_line' id='line_1_44' title="bbox 329 4222 1496 4292; baseline -0.001 -15"><span class='ocrx_word' id='word_1_383' title='bbox 329 4241 439 4292; x_wconf 77' lang='lat' dir='ltr'><strong>quorum</strong></span> <span class='ocrx_word' id='word_1_384' title='bbox 450 4222 517 4275; x_wconf 83' lang='lat' dir='ltr'><strong>iliud</strong></span> <span class='ocrx_word' id='word_1_385' title='bbox 529 4223 666 4274; x_wconf 82' lang='lat' dir='ltr'><strong>Putschius</strong></span> <span class='ocrx_word' id='word_1_386' title='bbox 684 4223 730 4274; x_wconf 85' lang='lat' dir='ltr'><strong>hoe</strong></span> <span class='ocrx_word' id='word_1_387' title='bbox 742 4225 914 4276; x_wconf 78' lang='lat' dir='ltr'><strong>Bourdelotus</strong></span> <span class='ocrx_word' id='word_1_388' title='bbox 931 4226 1032 4278; x_wconf 86' lang='lat' dir='ltr'><strong>inuenit</strong></span> <span class='ocrx_word' id='word_1_389' title='bbox 1495 4229 1496 4287; x_wconf 75' lang='lat' dir='ltr'><strong>i</strong></span> 
     </span>
    </p>
   </div>
   <div class='ocr_carea' id='block_1_5' title="bbox 0 0 1516 4956">
    <p class='ocr_par' dir='ltr' id='par_1_7' title="bbox 0 0 1516 4956">
     <span class='ocr_line' id='line_1_45' title="bbox 0 0 1516 4956; baseline 0 0"><span class='ocrx_word' id='word_1_390' title='bbox 0 0 1516 4956; x_wconf 95' lang='lat' dir='ltr'><strong> </strong></span> 
     </span>
    </p>
   </div>
  </div>
 </body>
</html>
