3022 4956
305 455 364 518 100
774 453 931 506 rnrnnnn

301 606 376 669 vitae
396 606 493 688 eoepit
511 606 660 682 insistere,
680 607 811 686 primum
831 613 955 688 propter
969 627 1086 670 morum
1102 609 1293 671 differentiam
1307 609 1398 670 odium
1411 615 1446 667 lo

302 705 405 781 habet3
420 705 485 785 quis
502 706 580 768 enim
595 713 695 787 potest
709 707 834 786 probare
849 705 988 769 diversa?
1010 708 1113 770 deinde
1127 709 1176 788 qui
1188 708 1266 769 solas
1279 713 1399 768 extruere

303 804 416 866 divitias
432 812 544 879 curant,
559 803 632 867 nihil
646 804 748 866 volunt
762 804 838 865 inter
852 803 989 866 homines
1005 807 1108 868 melius
1125 807 1213 882 credi,
1229 825 1314 886 quam
1330 805 1400 886 quod

303 901 359 982 ipsi
375 909 485 966 tenent.
509 902 692 965 insectantur
703 903 814 983 itaque,
836 920 1009 983 quacunque
1020 905 1132 967 ratione
1143 912 1286 986 possunt,
1300 905 1400 965 littera-

303 1019 370 1064 rum
386 1010 541 1078 amatores,
557 1008 589 1064 ut
604 1000 755 1064 videantur
770 1001 809 1063 illi
825 1020 942 1082 quoque
957 1003 1032 1065 infra
1048 1004 1202 1083 pecuniam
1219 993 1321 1085 positi’
1415 1015 1427 1062 5

843 1111 864 1151 a·

363 1181 375 1270 ΙΙ
387 1178 504 1246 ‘nescio
522 1203 580 1266 quo
596 1187 687 1248 modo
703 1186 798 1248 bonae
814 1187 920 1248 mentis
935 1207 1023 1251 soror
1038 1194 1084 1250 est
1098 1179 1269 1268 paupertas'
1415 1189 1432 1240 l

845 1295 868 1336 a

386 1359 509 1444 ‘rellem,
526 1374 586 1430 tam
602 1368 747 1432 innocens
764 1376 843 1431 esset
856 1371 1030 1449 frugalitatis
1041 1391 1123 1433 meae
1134 1371 1241 1442 hostis,
1257 1378 1290 1432 ut
1299 1367 1402 1432 deliniri

305 1472 415 1546 posset.
446 1483 527 1528 nunc
540 1473 694 1531 veteranus
710 1477 755 1530 est
768 1469 842 1530 latro
858 1477 887 1532 et
901 1469 974 1548 ipsis
989 1470 1144 1532 lenonibus
1159 1461 1285 1531 doctior’

846 1580 867 1620 a

248 1648 288 1712 85
386 1641 434 1712 ‘in
449 1651 548 1714 Asiam
561 1671 627 1714 cunr
639 1672 655 1714 a
667 1662 821 1732 quaestore
832 1672 929 1716 essem
942 1653 1088 1733 stipendio
1101 1653 1234 1727 eductus,
1249 1653 1403 1732 hospitium

303 1749 438 1828 Pergami
457 1750 565 1830 accepi.
600 1750 651 1812 uhi
671 1771 737 1814 cum
757 1751 881 1812 libenter
901 1751 1062 1814 habitarem
1081 1768 1143 1813 non
1169 1751 1266 1813 solum
1292 1757 1440 1832 propterte

304 1847 414 1908 cultum
431 1848 641 1922 aedicularum,
658 1849 812 1911 sedetiam
830 1858 951 1930 propter
965 1852 1093 1931 hospitis
1109 1848 1360 1912 formosissimum
1374 1849 1404 1907 fi-

303 1945 389 2019 lium,
412 1947 573 2025 exeoghavi
587 1947 747 2021 rationem,
768 1966 825 2027 qua
840 1965 899 2012 non
915 1968 1010 2011 essem
1026 1947 1241 2028 patrifamiliae
1256 1954 1404 2028 suspectus

304 2051 426 2104 amator.
453 2045 686 2128 quotiescunque
701 2047 780 2108 enim
795 2047 826 2107 in
842 2047 974 2108 convivio
991 2048 1026 2108 de
1040 2066 1097 2108 usu
1111 2047 1315 2109 formosorum
1328 2061 1405 2106 men-

304 2142 346 2201 tio
361 2141 437 2202 facta
453 2149 511 2217 est,
532 2149 590 2203 tam
613 2146 799 2207 vehementer
814 2145 969 2219 excandui,
988 2153 1048 2207 tam
1064 2164 1166 2207 severa
1180 2144 1298 2206 tristitia
1313 2141 1405 2206 violari

304 2256 389 2300 aures
398 2257 479 2300 meas
488 2239 638 2302 obscoeno
650 2261 789 2305 sermone
800 2243 891 2317 nolui,
903 2249 936 2304 ut
946 2263 994 2304 me
1004 2250 1097 2304 mater
1107 2243 1263 2322 praecipue
1273 2249 1404 2322 tanquam
1419 2251 1442 2301 15

303 2353 397 2398 unum
416 2355 451 2396 ex
471 2337 658 2416 philosophis
678 2341 847 2404 intueretur.
882 2342 939 2404 iam
964 2361 1019 2422 ego
1041 2360 1195 2422 coeperam
1215 2341 1361 2420 ephebum
1378 2340 1405 2400 in

304 2567 361 2602 eum
372 2550 515 2618 floffleqio:
533 2553 577 2603 sed
595 2551 697 2617 reliqui,
716 2559 753 2602 set
765 2551 795 2601 F
809 2559 838 2602 ut
854 2552 945 2602 ossolet
1034 2553 1087 2615 quis
1098 2549 1304 2615 AODFGLPpt
1313 2548 1406 2616 florile-

302 2623 387 2690 9r'une:
400 2625 442 2686 qui
453 2624 491 2673 Es
580 2621 738 2674 uiciorumA
827 2625 890 2688 inter
904 2621 935 2673 G.
960 2623 1025 2672 uitae
1039 2625 1086 2673 iter
1099 2623 1245 2687 truuponr't
1253 2621 1406 2688 florileyiun

377 2697 389 2742 1
409 2697 523 2745 insistere
549 2694 578 2744 Ε
592 2695 616 2744 si
631 2695 732 2744 sienis
744 2693 827 2760 fides,
849 2691 929 2744 ‘ulios
945 2687 1068 2744 insisters'
1083 2693 1274 2744 Brassicanus:
1292 2695 1405 2757 inspicere

304 2759 512 2827 AODFGLPps
535 2773 559 2816 et
581 2775 750 2830 transpunens
774 2767 896 2830 inspicere
920 2766 1002 2830 coepit
1020 2773 1036 2818 t.
1072 2767 1195 2830 respicere
1220 2766 1301 2829 coepit
1312 2763 1405 2829 flor-lle·

301 2836 374 2900 piune
467 2838 532 2886 mori
542 2837 702 2903 florileqiurn
810 2839 960 2886 anniuersa
973 2835 1150 2887 Memmianus.
1188 2838 1266 2886 diuise
1286 2833 1406 2902 (utrensi

304 2905 412 2956 Antonii
431 2921 530 2957 errores
548 2907 716 2974 repellam)t5'
732 2925 783 2958 non
800 2909 881 2974 nsaqis
894 2924 972 2972 quarn
984 2909 1009 2957 A
1104 2911 1134 2958 dc
1151 2909 1208 2958 inde
1222 2907 1257 2957 F:
1276 2924 1323 2956 oru.
1335 2905 1405 2973 flori-

305 2976 398 3042 leqium
505 2980 558 3041 quis
579 2979 602 3028 G
716 2987 837 3040 extruere,
855 2997 906 3029 non
925 2988 1049 3028 exstruere
1069 2977 1167 3030 AOFL
1186 2987 1211 3029 et
1228 2979 1357 3029 inuertere
1374 2979 1405 3026 di·

303 3049 376 3096 uitias
394 3053 508 3098 extruere
528 3048 559 3098 G.
595 3051 716 3100 iustruere
734 3049 877 3100 Bituricus.
908 3049 1023 3115 fortasse
1047 3053 1127 3100 solum
1154 3059 1268 3100 extruere

269 3185 272 3190 Ι
305 3119 437 3168 secreuit
454 3118 486 3182 P,
505 3122 597 3170 cubent
610 3119 638 3169 F
742 3138 815 3185 quam
836 3123 902 3172 credi
920 3121 1106 3187 transponitD
1214 3124 1280 3186 quod
1300 3137 1346 3173 orn.
1359 3116 1407 3170 AF

305 3197 329 3240 et
347 3189 488 3254 euemplum
506 3191 616 3241 Ioannis
633 3189 737 3244 Sorech.
757 3193 802 3256 qui
815 3193 868 3258 pol.
888 3192 949 3242 VII
965 3196 997 3243 16
1012 3209 1042 3257 p.
1056 3196 1108 3243 140
1126 3194 1274 3244 coniectura
1292 3195 1332 3242 uria
1349 3207 1404 3255 sup-

298 3261 397 3328 pleuit:
418 3263 459 3326 qui
478 3263 541 3312 soles
560 3263 656 3312 dinibus
675 3279 809 3326 congerere
828 3271 928 3327 curant,
947 3266 1009 3312 nihil
1026 3266 1051 3312 in
1069 3266 1121 3314 uita
1138 3267 1221 3328 potius
1241 3266 1307 3315 credi
1324 3266 1405 3312 nolunt

303 3336 344 3384 uia
362 3351 438 3398 quam
457 3336 544 3385 ceteris
562 3335 739 3400 praetulerunt.
776 3346 803 3384 ut
822 3336 855 3384 eis
874 3336 1009 3398 indigentia
1028 3338 1169 3399 expleatur,
1188 3338 1285 3386 diuersa
1302 3337 1404 3400 proban·

302 3414 343 3456 tur
360 3423 375 3456 a
392 3409 495 3456 diuersis
604 3410 620 3456 4
634 3413 696 3470 post
716 3413 802 3454 tenent
825 3405 901 3456 babet
923 3407 1071 3456 arteriarum
1089 3415 1113 3456 et
1130 3409 1317 3456 iactantur-5
1336 3405 1405 3471 positi

304 3478 395 3528 omittit
411 3478 437 3528 Ir
566 3480 719 3528 insectantur
736 3477 842 3542 arripui:
860 3478 984 3526 iactantur
1004 3493 1096 3541 omnes,
1113 3479 1243 3528 lactantur
1263 3477 1288 3527 G

304 3551 319 3597 5
338 3551 439 3599 uideant
459 3549 483 3599 G
577 3549 710 3600 asteriscos
722 3545 786 3597 duos
798 3548 938 3612 interponit
947 3549 976 3598 in
988 3565 1067 3600 uersu
1079 3565 1163 3599 uacuo
1176 3557 1192 3613 t,
1211 3565 1293 3599 unum
1299 3566 1321 3613 p

304 3621 323 3686 6!
339 3619 406 3668 banc
423 3621 573 3670 sententium
591 3621 686 3672 babent
709 3618 855 3669 Vincentius
873 3619 948 3672 Belu.
967 3620 984 3672 l.
1002 3637 1022 3670 s.
1042 3629 1065 3671 et
1075 3620 1233 3687 florilcps'unr
1251 3619 1404 3670 Porcinam.

304 3687 374 3737 discit
390 3704 446 3738 eune
464 3689 607 3754 Eumolpus
715 3693 801 3752 modo]
821 3707 871 3740 non
885 3706 917 3740 eu
928 3699 1013 3741 uetere
1025 3691 1110 3742 coelice
1123 3699 1209 3742 enotot
1220 3691 1319 3741 Daniel

303 3759 451 3807 asteriscum
462 3759 629 3826 interponunt
642 3763 701 3827 Lpt.
734 3777 800 3826 quae
817 3770 938 3812 secuntur
953 3777 984 3811 eo
997 3762 1028 3812 cle
1042 3764 1147 3828 poetica
1159 3762 1256 3814 diruas
1268 3762 1406 3826 Eumolpus

303 3827 400 3878 Iobuio
417 3828 524 3880 uidetur
613 3835 628 3881 8
648 3849 715 3882 nunc
733 3849 751 3882 α
768 3839 852 3897 posset
870 3833 973 3883 dimidii
988 3849 1078 3884 uersus
1096 3835 1180 3899 spatio
1191 3835 1303 3900 seiunpit
1313 3843 1323 3883 t
1334 3830 1406 3898 quusi

302 3898 400 3950 lacuna
416 3899 584 3952 intercederet
672 3906 800 3954 lenonibus
812 3922 848 3970 p:
866 3907 978 3954 leonibus
991 3905 1034 3970 Lt,
1052 3908 1188 3955 latronibus
1206 3923 1295 3971 marpo
1313 3913 1323 3955 t

302 3970 424 4020 lacunam
442 3971 562 4022 indicunt
578 3974 706 4023 asteriscis
724 3974 823 4026 duobus
835 3974 868 4040 L,
887 3993 939 4026 uno
953 3985 994 4041 pt.
1031 3976 1123 4026 deinde
1139 3985 1168 4026 ut
1179 3976 1336 4042 Eumolpum
1347 3991 1404 4025 nar·

302 4057 364 4093 rare
376 4051 513 4107 appareat,
525 4045 683 4108 Eumolpias:
697 4047 843 4110 praemittit
851 4046 884 4110 L,
897 4063 1031 4098 nvuonrvs
1043 4049 1072 4098 ira
1083 4047 1200 4114 marytre
1213 4049 1318 4099 adderet
1324 4053 1357 4112 pt

240 4116 245 4123 '
303 4115 582 4178 troarnensem
604 4115 629 4164 Τ
733 4121 765 4166 14
785 4126 849 4168 essct
867 4119 892 4167 L
1003 4122 1032 4168 15
1052 4122 1176 4170 obscaeno
1194 4118 1220 4168 L
1331 4116 1405 4168 uideri

201 4239 204 4250 ,
302 4187 369 4236 uolui
386 4184 513 4251 incertus,
537 4187 603 4236 dolui
622 4185 762 4253 Gruterus,
784 4180 931 4254 ‘proprium
949 4198 1011 4241 esset
1028 4184 1151 4241 simulaui’
1173 4190 1320 4256 Iacobum,
1342 4187 1405 4238 netnl

302 4255 415 4308 Iahnius
524 4259 555 4309 16
575 4273 635 4323 ergo
649 4265 683 4320 pt
