3008 4962
308 414 348 476 le
781 411 935 464 aaraouu

305 566 376 629 vixit
388 611 477 628 .....
490 565 535 628 cui
556 566 655 628 datum
676 573 733 640 est,
754 584 815 628 non
832 566 878 628 cui
895 565 1083 628 destinatum.
1114 566 1199 646 plane
1219 565 1354 629 fortunae
1374 567 1437 627 li-rt

306 665 377 738 line,
396 665 427 725 in
446 683 535 726 rnanu
554 665 629 726 illius
650 664 803 744 plumbum
825 684 928 727 aurum
948 664 1042 725 fiebat.
1072 664 1154 726 facile
1173 671 1344 738 astantem,
1363 663 1407 724 ubi

308 763 408 824 omnia
422 763 559 842 quadrua
576 771 706 824 currunt.
738 770 766 823 et
781 771 853 842 quot
867 771 953 842 putas
968 764 1047 824 illum
1064 782 1158 825 annos
1173 783 1274 825 secum
1290 759 1406 825 tulisse?

307 861 488 942 septuaginta
504 871 534 922 et
548 880 646 941 supra.
677 861 729 922 sed
743 862 898 924 corneolus
912 862 982 934 fuit,
998 869 1119 923 aetatem
1135 861 1209 923 bene
1222 862 1347 935 ferebat,
1366 862 1406 921 ni-

307 979 358 1040 ger
381 969 518 1040 tanquam
541 977 654 1021 corvus.
696 977 836 1022 noveram
855 961 1007 1022 hominem
1029 961 1097 1022 olim
1119 960 1246 1022 oliorum
1272 969 1301 1022 et
1320 961 1431 1023 adhucs

307 1061 383 1120 salax
400 1066 471 1120 erat.
500 1077 562 1120 non
582 1059 764 1120 mehercules
783 1060 863 1120 illum
884 1066 956 1138 puto
977 1059 1007 1119 in
1028 1058 1117 1119 domo
1134 1077 1237 1120 canem
1252 1059 1407 1137 reliquisse.

306 1158 398 1218 immo
420 1157 506 1218 etiam
522 1156 677 1246 ppellarius
693 1165 767 1230 erat,
787 1157 884 1218 amnis
900 1157 1046 1218 minervae
1061 1158 1164 1218 bomo.
1192 1176 1248 1219 nec
1262 1157 1407 1238 improba

307 1256 364 1316 hoc
379 1255 475 1317 solum
491 1237 568 1316 erfim
585 1274 684 1316 secum
699 1247 783 1317 tulit’

251 1354 291 1414 44
391 1351 462 1414 haec
471 1352 603 1413 Phileros
619 1353 699 1425 dixit,
716 1355 760 1416 illa
773 1344 1112 1434 Ganymedes2‘narratis
1130 1355 1209 1432 quod
1225 1373 1282 1415 ncc
1297 1355 1333 1416 ad
1349 1373 1408 1415 cae-

306 1451 367 1512 lum
383 1469 438 1514 nec
451 1451 486 1513 ad
502 1458 609 1512 terram
624 1449 760 1530 pertinet,
777 1470 841 1512 cum
859 1452 975 1512 interim
991 1471 1078 1512 nemo
1095 1458 1190 1526 curat,
1212 1453 1281 1532 quid
1297 1470 1406 1514 annona
1422 1461 1443 1511 lt

308 1551 433 1612 mordet.
464 1567 525 1610 non
548 1549 726 1610 mehercules
749 1550 836 1611 hodie
858 1549 978 1610 buccam
1001 1549 1084 1629 panis
1107 1550 1236 1613 invenire
1259 1553 1352 1632 potui.
1386 1557 1409 1610 et

307 1651 458 1729 quomodo
475 1647 589 1710 siccitas
602 1655 777 1726 perseverat.
806 1648 864 1708 iam
881 1665 990 1709 annum
1003 1649 1119 1728 esurigo
1132 1649 1195 1711 luit.
1218 1651 1327 1712 aediles
1342 1649 1408 1710 male

307 1749 427 1825 eveniat,
444 1747 493 1829 qui
509 1765 574 1808 cum
591 1747 752 1827 pistoribus
769 1747 918 1809 colludunt
929 1738 1038 1807 “serva
1054 1765 1116 1821 me,
1132 1748 1253 1809 servabo
1269 1739 1330 1810 te’'.
1359 1748 1407 1808 ita·
1495 1801 1496 1826 a

307 1866 362 1927 que
388 1848 517 1928 papulus
543 1845 672 1908 minutus
692 1847 819 1920 laborat3
845 1864 912 1906 nam
932 1844 980 1906 isti
1000 1846 1127 1907 maiores
1149 1845 1281 1907 maxillae
1298 1861 1409 1924 semper
1495 1827 1496 1844 ¹

306 1945 469 2007 Saturnalia
485 1953 582 2025 agunt.
613 1964 631 2004 o
647 1945 672 2005 si
687 1945 860 2006 haberemus
876 1944 940 2005 illos
955 1945 1068 2019 leones,
1083 1964 1158 2025 quos
1174 1963 1226 2023 ego
1243 1945 1291 2006 hic
1306 1943 1406 2014 inveni,
1422 1953 1444 2002 tt

305 2061 370 2104 cum
391 2045 519 2123 primum
540 2063 574 2103 err
590 2043 657 2104 Asia
671 2044 744 2106 veni.
773 2042 840 2104 illud
857 2050 918 2103 erat
933 2043 1035 2104 vivere.
1066 2043 1170 2103 similia
1185 2043 1275 2104 sicilia
1292 2041 1408 2104 interio-

378 2203 393 2248 2
419 2201 459 2249 cui
482 2202 565 2248 omnia
589 2199 713 2248 Heinsius
845 2202 859 2264 3
884 2201 950 2262 quod
975 2198 1009 2249 H
1129 2202 1143 2249 5
1169 2203 1228 2249 olim
1256 2201 1362 2249 oliorum
1384 2195 1412 2246 Η

306 2269 376 2336 quod
399 2270 536 2320 tuebantur
556 2270 666 2320 Orellius
686 2287 717 2334 p.
736 2273 752 2318 5
769 2260 799 2317 ‘a
822 2270 849 2318 la
864 2270 907 2335 firi
931 2270 975 2320 des
992 2264 1059 2335 flas'
1079 2287 1232 2335 cornpararrs
1255 2279 1278 2320 et
1304 2269 1408 2320 Webliur

301 2359 331 2407 p.
347 2346 379 2391 17
399 2343 529 2391 olimorum
543 2357 699 2407 proponeris.
735 2342 878 2390 necessario
896 2342 1049 2392 uocabulum
1067 2343 1133 2393 illud
1152 2343 1277 2392 hornimera
1295 2342 1408 2392 libidino-

305 2430 362 2464 sum
380 2413 524 2476 denotabat,
543 2414 629 2479 adfine
648 2412 790 2462 salacitate:
807 2429 889 2477 raeque
910 2422 993 2463 tamea
1006 2412 1150 2478 Scbefferus
1168 2415 1310 2464 restituisse
1328 2413 1357 2463 id
1374 2411 1408 2461 ui·

306 2485 382 2537 detur
399 2501 481 2550 raeque
500 2502 543 2552 epo
560 2487 589 2536 iu
609 2493 681 2535 tantu
698 2483 860 2534 obsessorem
877 2484 1014 2534 uerborum
1031 2485 1195 2536 multitudiue
1214 2501 1281 2550 quae
1301 2483 1408 2548 antiqui·

306 2567 345 2608 tas
371 2557 482 2608 tradidit
507 2575 588 2609 urtura
614 2556 705 2607 iuueni
732 2554 802 2619 qaod
822 2555 878 2606 *leuc
906 2556 1062 2621 quadraret,
1090 2557 1142 2606 rrisi
1169 2559 1296 2607 coleorum
1323 2570 1408 2606 rrcraerr

304 2630 411 2680 uidetur
438 2631 498 2680 asar·
523 2645 584 2685 esse.
629 2629 795 2678 mulierarium
822 2634 848 2676 et
873 2629 1031 2680 mulierosum
1058 2627 1204 2693 Scbefferus
1230 2636 1255 2677 et
1280 2628 1408 2688 Heiresiuq

305 2704 443 2751 molliorem
462 2702 598 2765 Antonius,
617 2702 756 2750 molitorem
774 2697 903 2762 Reiectus,
923 2701 1035 2748 odiosum
1054 2699 1083 2748 id
1101 2709 1138 2749 est
1155 2694 1259 2769 μισητήν
1277 2699 1321 2749 uel
1338 2700 1408 2764 iupu-
1494 2747 1495 2760 2

305 2773 392 2823 dicum
403 2772 552 2833 racemus,-
570 2774 733 2821 olimolierum
751 2771 905 2820 coniunctim
922 2770 1104 2834 interpretatas
1116 2771 1312 2821 subodorarrtera
1327 2770 1409 2820 mulie-
1494 2769 1495 2788 ¹

209 2837 210 2840 ¹
305 2859 346 2892 res
359 2852 406 2892 aut
416 2845 605 2892 mohmolierum
619 2841 732 2891 Oriolr'us
739 2859 769 2905 p.
778 2845 819 2892 16.
838 2841 1071 2906 iuterpurrpendurn
1078 2850 1139 2908 post
1149 2845 1279 2892 hominem
1292 2858 1379 2892 censeo

306 2918 320 2964 6
340 2916 459 2963 intectam
472 2922 533 2977 post
549 2915 675 2976 reliquisse
693 2912 821 2962 iruerebat
839 2913 945 2963 Gnosius
1066 2919 1078 2963 7
1098 2917 1216 2978 pullarius
1234 2914 1408 2964 Burrnanuau.

303 2985 402 3050 plastae
417 2975 612 3051 επαιδεραστής,
631 2977 773 3046 pullarius'
921 2988 936 3034 8
960 2986 1024 3034 euim
1049 2987 1129 3034 solum
1155 2986 1316 3050 transposuit
1335 2987 1408 3034 Auta·

304 3055 388 3105 ciana
508 3058 523 3104 9
543 3057 604 3104 dixit
621 3055 755 3119 irrepsisse
773 3072 785 3106 e
801 3056 885 3122 plesse
903 3055 1043 3110 uidebatur
1060 3057 1169 3107 Heiusio
1290 3059 1339 3106 ists
1358 3055 1408 3106 Ha·

306 3126 441 3177 driaru'des
548 3128 691 3189 ganimedes
709 3127 741 3176 Η
844 3137 927 3177 narrat
944 3126 1011 3176 isH
1098 3131 1128 3177 10
1148 3130 1206 3193 quid
1225 3136 1263 3177 est
1279 3135 1408 3192 quartum.

305 3215 405 3249 annona
430 3198 466 3248 sic
489 3205 519 3248 ut
545 3197 661 3248 Cicerorri
679 3207 825 3262 paupertas
848 3201 961 3248 mordere
985 3197 1089 3250 dicitur.
1127 3202 1193 3263 quod
1219 3216 1321 3249 annona
1345 3201 1409 3248 ardet

299 3271 359 3338 suit
381 3271 426 3336 qui
448 3270 579 3322 coniceret.
615 3285 742 3318 annonam
761 3278 823 3320 artet
841 3269 998 3334 Scheffcrus,
1022 3286 1148 3320 sunonem
1166 3273 1263 3320 mordet
1281 3271 1409 3320 Burman-

304 3360 369 3405 uus;
389 3350 465 3408 curat,
484 3344 569 3406 inquit,
588 3357 715 3390 annonem
734 3343 801 3391 ordei
813 3342 938 3392 Heinsius
1031 3345 1061 3390 ll
1083 3358 1122 3392 me
1135 3344 1236 3392 hecules
1250 3342 1285 3393 H
1370 3345 1408 3391 bu-

305 3433 375 3466 ccam
394 3415 492 3466 conlato
510 3414 582 3466 Suet.
601 3413 667 3479 Aap.
689 3416 721 3464 76
740 3411 885 3478 Sebefferus
996 3415 1026 3461 12
1046 3416 1170 3475 quomodo
1195 3414 1348 3464 exclamatio
1366 3411 1408 3462 ad-

304 3489 430 3539 rairarrtis.
468 3487 651 3551 ecquomodo?
675 3487 770 3534 siccitas
788 3492 929 3549 perseueret
947 3482 1118 3548 distiupuebat
1135 3483 1293 3549 Scbeffcrus‚
1319 3499 1409 3535 cauma

300 3568 361 3622 post
386 3569 528 3624 perseueret
558 3558 671 3608 Oriolius
693 3557 783 3622 posuit
809 3573 836 3620 p.
860 3560 892 3606 16
1043 3558 1139 3620 esurigo
1171 3559 1216 3606 suit
1242 3557 1337 3620 scripsi
1364 3571 1409 3622 quo

304 3630 428 3679 uocabulo
465 3629 548 3678 Varro
581 3629 610 3678 irc
640 3636 731 3678 satura
760 3643 822 3678 usus
853 3634 889 3678 est
918 3625 991 3690 apud
1021 3625 1135 3677 Nouimu
1160 3644 1190 3692 p.
1224 3631 1275 3679 106
1302 3623 1409 3692 ‘esuripo

297 3699 417 3762 findebat
444 3696 548 3748 costas’:
579 3702 658 3749 esurio
687 3702 733 3748 fuit
763 3699 798 3749 H.
836 3700 935 3748 esuritio
965 3697 1009 3748 uel
1036 3701 1127 3749 esuries
1151 3699 1236 3750 miuus
1255 3699 1408 3764 probabilia.

305 3771 385 3818 esurio
413 3772 448 3818 fui
476 3770 570 3819 abusus
597 3770 690 3820 Plauto
720 3771 816 3820 Persae
848 3771 899 3820 103
933 3767 1084 3834 Schefferus.
1134 3779 1195 3832 post
1224 3774 1306 3821 esurio
1335 3773 1409 3821 irater·
1493 3783 1494 3844 q

300 3840 452 3906 prrrrpcbarrt
483 3840 608 3890 Heinsius
640 3843 720 3891 futiles
752 3849 777 3890 et
802 3841 972 3892 Burraarsuus
1003 3843 1047 3890 hui
1079 3842 1123 3892 uel
1155 3845 1180 3891 fu
1214 3843 1410 3892 interiectionem

300 3928 353 3976 pro
376 3914 421 3961 suit
445 3911 612 3972 substituerem
635 3913 718 3962 maisit
735 3913 780 3962 boc
797 3913 939 3964 Patauina.
977 3929 1057 3962 eronus
1076 3922 1112 3962 est
1135 3929 1166 3963 ex
1185 3931 1234 3978 quo
1252 3917 1314 3977 pluit
1333 3928 1408 3964 arrsua

305 3991 343 4033 est
360 3983 492 4034 Iacobsius
625 3984 784 4036 soloecismus
808 3985 849 4034 bic
866 3984 928 4034 iride
946 3993 1017 4034 ortus
1035 3983 1104 4049 quod
1119 4001 1213 4049 praeco
1230 4002 1301 4035 ruore
1318 3987 1408 4050 scalpus

304 4056 411 4118 aliquem
436 4057 497 4105 bene
522 4062 569 4104 aut
591 4057 655 4104 male
680 4057 761 4106 fecere
786 4063 810 4106 et
834 4058 915 4106 dicere
938 4055 1094 4120 loquebatur.
1133 4059 1250 4107 aedilibus
1269 4057 1408 4108 Patauina.

304 4128 368 4176 male
386 4135 489 4190 pereant
508 4125 641 4177 Iacobsius
764 4131 797 4178 14
815 4126 903 4178 dubito
922 4141 979 4176 cura
997 4126 1126 4192 Scheffero
1145 4145 1180 4178 are
1197 4131 1258 4178 istae
1278 4129 1408 4194 lepeadurr

304 4253 336 4304 sit
463 4254 494 4303 16
514 4252 602 4302 similia
620 4253 696 4303 sicilie
713 4217 968 4320 inurioreeiileruae
987 4250 1020 4303 H
1020 4271 1027 4302 .·
1045 4254 1133 4304 similia
1151 4256 1245 4306 scelere
1263 4261 1323 4305 tunc
1343 4260 1408 4305 erent
