3008 4962
582 469 724 522 SATIRAE
1162 473 1201 534 41

66 637 87 686 11
100 627 224 688 1010111.
253 627 288 688 ad
309 645 466 699 summam,
487 626 618 706 quemvis
639 624 756 686 existis
777 624 937 686 babaecalis
956 626 986 686 in
1007 633 1088 686 rutae
1102 625 1204 687 lolium

101 724 234 785 coniciet.
263 744 318 786 nec
337 732 382 786 est
400 725 487 805 quod·
499 733 583 804 prutes
604 724 686 785 illum
704 722 857 802 quicquam
874 743 978 784 emere.
1011 724 1108 784 omnia
1124 725 1204 786 domi
1221 729 1260 792 38

100 830 276 884 nascuntur:
291 825 366 896 lana,
383 841 474 897 cerae,
489 823 582 904 piper,
597 825 669 885 lacte
684 821 881 902 gallinaceum,
899 822 923 882 si
939 821 1107 902 quaesieris,
1123 822 1204 883 inve-

100 923 171 983 nies.
203 923 239 983 ad
259 941 419 994 summam,
443 939 546 1000 parum
563 921 601 980 illi
616 919 692 981 bona
706 921 771 981 lana
786 921 971 996 nascebatur,
993 922 1098 983 arietes
1114 942 1130 982 a
1146 922 1206 982 Ta·
1224 949 1227 955 ·

74 1035 86 1082 5
102 1029 185 1082 rento
202 1020 286 1094 emit,
305 1025 334 1079 et
352 1037 404 1078 eos
424 1019 526 1080 culavit
543 1019 573 1078 in
589 1038 715 1098 gregem.
746 1021 804 1081 mel
819 1020 944 1081 Atticum
961 1030 993 1082 ut
1008 1022 1087 1082 domi
1102 1038 1205 1082 nasce-

101 1128 189 1195 retur,
198 1137 274 1199 *apes
291 1118 326 1178 ab
338 1117 459 1178 Athenis
476 1118 562 1178 iussit
577 1119 685 1192 afferri,
703 1119 796 1180 obiter
811 1127 839 1180 et
854 1120 1024 1181 vernaculae
1040 1137 1112 1198 quae
1128 1126 1206 1193 sunt,

103 1218 287 1279 meliusculae
303 1235 318 1276 a
335 1215 482 1277 Graeculis
498 1217 576 1278 fient.
607 1236 673 1277 0000
688 1217 761 1278 11110
777 1218 833 1278 bos
849 1218 910 1278 dies
926 1218 1057 1298 scripsit,
1074 1225 1106 1278 ut
1116 1216 1155 1278 illi
1171 1237 1205 1278 ex

62 1329 70 1376 1
101 1317 179 1378 ludia
195 1334 298 1378 semen
313 1313 479 1376 boletorum
495 1315 667 1376 mitteretur.
698 1333 765 1376 nam
782 1316 889 1376 mulam
902 1316 1018 1396 quidem
1030 1316 1138 1378 nullam
1151 1316 1204 1376 ha-

101 1415 161 1488 bet,
178 1433 254 1492 quae
269 1430 330 1472 non
345 1432 380 1473 ex
395 1431 506 1492 onagro
523 1421 588 1474 nata
604 1413 650 1474 sit.
681 1413 760 1474 vides
775 1421 821 1474 tot
835 1415 967 1476 culcitas:
988 1415 1064 1476 nulla
1080 1431 1141 1476 non
1157 1423 1206 1476 aut

61 1528 87 1578 10
104 1512 315 1592 conchyliatum
331 1519 380 1572 aut
395 1513 562 1574 coccineum
578 1518 742 1572 tomentum
759 1513 855 1574 habet.
883 1519 963 1574 tanta
978 1520 1023 1574 est
1037 1513 1124 1574 animi
1136 1513 1205 1575 bea-

99 1611 199 1672 titudo.
229 1610 362 1689 reliquos
378 1619 474 1672 autem
490 1611 656 1672 collibertos
672 1610 734 1671 eius
750 1630 818 1671 cave
833 1618 1014 1673 contemnas.
1045 1613 1126 1674 valde
1137 1633 1205 1674 suc-

102 1709 175 1770 00001
191 1716 272 1770 sunt.
302 1709 382 1770 vides
397 1710 476 1771 illum
493 1712 542 1791 qui
558 1710 587 1770 in
603 1710 662 1770 imo
679 1709 756 1770 imus
772 1709 929 1770 recumbit:
946 1711 1033 1772 hodie
1046 1731 1098 1773 sua
1111 1713 1205 1774 octin-

101 1817 180 1887 genta
196 1807 341 1888 possidet.
373 1809 409 1869 de
423 1810 514 1871 nihilo
532 1807 627 1870 crevit.
657 1807 746 1867 modo
763 1807 874 1869 solebat
888 1809 962 1869 collo
979 1828 1033 1869 suo
1044 1810 1121 1888 ligna
1133 1829 1205 1891 por-

101 1914 166 1968 tare.
197 1909 252 1968 sed
273 1908 423 1986 quomodo
444 1907 544 1968 dicunt
562 1943 604 1950 -
625 1927 678 1986 ego
699 1906 771 1966 nihil
792 1905 853 1967 scio
875 1906 927 1966 sed
948 1907 1042 1968 audivi
1057 1945 1099 1952 —-
1114 1927 1205 1988 quom

62 2022 87 2070 15
103 2005 242 2067 Incuboni
257 2005 375 2084 pilleum
392 2005 546 2085 rapuisset,
565 2008 609 2084 [et]
628 2006 799 2067 thesaurum
815 2004 934 2066 invenit.
965 2025 1018 2084 ego
1033 2007 1143 2069 nemini
1159 2006 1206 2069 in-

102 2103 190 2178 video,
206 2105 231 2165 si
248 2104 318 2185 quid
334 2105 406 2166 deus
422 2104 509 2166 dedit.
533 2111 690 2166 esttamen
707 2105 762 2166 sub
778 2107 858 2186 alapa
871 2110 900 2167 et
911 2123 971 2167 non
982 2106 1043 2168 vult
1055 2106 1109 2167 sibi
1121 2107 1205 2168 male.

170 2373 183 2417 1
204 2370 304 2418 nouerit
321 2367 362 2432 H,
381 2387 434 2420 uou
452 2371 522 2419 nouit
648 2373 726 2420 babae
752 2374 811 2422 00110
830 2373 867 2425 H.
905 2375 1016 2424 babecali
1035 2373 1206 2425 adolescentes

104 2439 132 2488 ab
150 2440 265 2490 Araobio
284 2439 346 2489 adri.
364 2450 450 2505 pentes
468 2440 517 2490 IV
532 2445 565 2491 22
586 2441 623 2505 (p.
645 2446 695 2492 141
711 2442 750 2492 ed.
764 2443 864 2511 Lupol.)
884 2445 950 2495 leues
969 2444 1149 2510 libidinosique
1161 2463 1205 2496 aa·

104 2521 198 2562 cautar.
236 2529 254 2560 a
280 2510 359 2561 babae
377 2513 550 2563 interiectione
570 2512 666 2562 dietari
683 2515 836 2564 uocabulum
854 2531 906 2566 esse
924 2517 1072 2580 suspiceris:
1093 2534 1110 2564 a
1128 2517 1205 2566 Baba

102 2583 259 2633 stolidissime
280 2582 443 2635 Obaudiauae
462 2585 553 2634 aetatis
571 2585 669 2635 bomine
688 2587 841 2636 Babaeeulos
861 2586 940 2636 dietas
958 2587 1071 2638 eredidit
1081 2586 1205 2638 Heinsius

103 2654 136 2702 ad
148 2659 258 2720 001167,
278 2671 295 2703 0
308 2644 393 2723 βᾶβαξ
412 2659 545 2706 babaculos
565 2673 622 2706 auus
639 2656 708 2708 LF.
721 2657 853 2708 Grauouia
871 2657 1015 2721 Reiuesius,
1033 2659 1092 2708 item
1110 2658 1206 2709 ababa

103 2724 296 2777 Hildebraudus
319 2724 356 2775 ad
374 2728 452 2792 Apul.
471 2736 528 2776 met.
548 2727 568 2776 I
572 2727 596 2776 V
606 2731 640 2777 14
656 2745 683 2791 p.
698 2732 757 2778 252.
795 2731 930 2779 berbeoulis
953 2730 1046 2780 maluit
1062 2730 1205 2794 Reiuesius,

103 2799 186 2848 bscelis
205 2817 222 2848 a
241 2787 349 2860 βᾶκηλος
367 2799 550 2849 Hadriauides
649 2803 664 2849 2
684 2802 798 2850 coniiciet
816 2800 849 2849 H
942 2804 956 2850 3
977 2817 1048 2852 00100
1067 2801 1206 2852 Heinsius.-

104 2871 196 2918 credrse
215 2869 252 2920 H.
292 2871 388 2920 cedrisc
410 2871 428 2924 i.
448 2887 468 2920 e.
493 2872 593 2921 resiuae
613 2888 650 2930 ι00
674 2872 750 2921 cedro
774 2871 946 2937 Meminerat,
970 2875 1040 2923 cittis
1064 2873 1205 2938 Iaeobsius,

104 2943 218 2990 aerodrua
243 2939 372 2992 Studeras
385 2959 415 3007 p.
437 2946 477 2992 11.
506 2945 579 2993 lanae
598 2945 711 3008 erythras
730 2942 875 3009 Sebefferus
982 2947 1063 3010 piper]
1084 2962 1140 2995 cura
1158 2946 1205 2996 aii·

104 3012 203 3072 quaaala
221 3028 297 3077 super
315 3013 437 3081 depereat,
462 3016 536 3064 suber
554 3015 702 3079 Iacobsius,
724 3023 748 3064 ot
766 3018 836 3065 tuber
855 3015 1052 3067 Hildebraudus
1070 3016 1108 3067 ad
1125 3018 1204 3081 Apul.

98 3081 154 3146 flor.
173 3087 205 3136 18
215 3101 245 3149 p.
261 3087 297 3134 84
386 3089 403 3134 4
421 3101 509 3150 parum
529 3086 555 3134 in
575 3088 632 3135 ouili
651 3089 730 3136 bonae
748 3090 820 3137 lanae
839 3090 1003 3138 noscebantur
1015 3088 1140 3138 Heinsius
1159 3090 1206 3140 ali-

105 3155 202 3216 quanda
333 3159 347 3204 5
367 3159 462 3207 curauit
481 3157 627 3221 Patauina,
655 3161 819 3208 accumulauit
838 3160 881 3209 uel
898 3162 993 3209 curauit
1011 3161 1106 3209 admitti
1125 3159 1205 3211 Heia·

104 3225 165 3289 aas,
188 3229 222 3276 eis
246 3228 364 3276 incolsuit
386 3245 489 3292 gregem
514 3229 620 3279 (isesias
643 3229 679 3278 ad
702 3230 779 3280 colera
803 3231 930 3295 soleasque
953 3231 1075 3296 refereris.
1115 3249 1206 3283 aerum

98 3295 206 3360 sortasse
230 3300 323 3348 oulauit
347 3317 364 3348 a
389 3300 444 3350 aulo
463 3299 624 3363 deriuatum,
648 3301 702 3364 ipse
721 3311 805 3352 tamea
824 3309 848 3351 et
866 3304 1013 3353 testiculauit
1031 3303 1127 3353 eoaieei
1145 3321 1206 3356 usus

104 3367 181 3420 Paulo
193 3369 267 3419 Festi
284 3378 431 3436 excerptore
445 3388 474 3435 p.
488 3375 539 3424 366
553 3373 591 3425 M.
607 3364 757 3422 ‘testiculari
776 3380 813 3422 est
829 3374 947 3424 iumeutis
965 3373 1079 3424 maribus
1090 3374 1207 3439 feminas

104 3440 143 3489 uel
157 3458 241 3492 110100
258 3441 366 3507 feminis
385 3442 536 3508 admouere,
561 3444 618 3494 lieet
635 3444 682 3494 alii
700 3444 790 3494 dicarat
807 3439 917 3494 testilari‘
939 3446 1060 3510 (tescilsri
1079 3445 1111 3509 G,
1129 3450 1206 3497 testii-

104 3511 144 3559 lari
160 3511 204 3578 M)
315 3518 328 3562 6
349 3515 439 3564 adferri
458 3517 547 3565 obiter:
567 3525 593 3564 ut
606 3517 752 3565 1011000100
766 3531 828 3578 quae
842 3524 905 3577 sunt,
924 3518 1081 3566 meliusculae
1101 3519 1206 3569 aGroe·

105 3583 159 3632 culis
177 3585 264 3634 fierent
283 3583 406 3635 Heiusius
425 3586 467 3635 oui
490 3603 553 3649 quse
578 3595 636 3636 sunt
659 3585 765 3636 uidetur
782 3585 932 3638 redundare
1058 3591 1072 3637 9
1093 3591 1205 3641 culcitras

105 3651 135 3700 H
235 3657 268 3704 10
289 3658 465 3706 conchiiistum
484 3657 518 3707 H
630 3659 709 3721 tants]
729 3658 791 3707 baec
801 3657 916 3722 fortasse
935 3675 967 3709 ex
986 3658 1207 3727 hendecasyllabis

105 3726 192 3775 ueteris
200 3735 291 3790 poetae
304 3729 413 3793 repetita
496 3731 572 3779 011111
584 3728 714 3793 Salieffero
727 3737 878 3794 simpertum,
891 3733 986 3781 homini
998 3731 1135 3784 Reiuesias

106 3796 134 3843 11
154 3797 308 3866 succossiH
412 3803 443 3848 12
463 3802 520 3864 quis
533 3800 567 3850 H
668 3802 743 3851 immo
762 3803 852 3851 immus
866 3802 900 3852 H
1001 3806 1128 3869 octoginta
1141 3807 1205 3859 caui.

106 3863 223 3919 Halmius
332 3873 364 3918 13
384 3873 458 3920 modo
479 3873 572 3921 solebat
591 3873 654 3921 collo
674 3874 821 3938 transposui
839 3891 896 3924 euru
920 3874 1014 3926 Weblio
1028 3893 1057 3941 p.
1078 3879 1206 3926 100010·

105 3937 143 3986 bat
160 3942 222 3990 eollo
242 3943 316 3991 inodo
335 3941 369 3992 H
491 3947 522 3992 14
542 3945 664 3992 ditescunt
682 3944 807 3995 Heinsius
926 3964 1001 4011 quom
1021 3947 1126 4012 scripsi:
1145 3965 1204 4013 quo·

105 4011 174 4060 modo
194 4013 417 4078 exsuperioribus
435 4015 569 4079 repetitum
587 4014 624 4078 H,
643 4032 700 4064 oum
719 4019 793 4067 modo
812 4015 970 4083 Sebefferus,
990 4021 1056 4082 quod
1074 4021 1149 4068 modo
1167 4022 1204 4069 in·

107 4082 189 4131 erboni
207 4086 299 4148 pileum
318 4101 375 4134 cum
394 4088 516 4149 rapuisset
534 4086 658 4136 Heinsius
676 4095 706 4136 ut
723 4090 788 4152 quod
808 4105 839 4139 eor
858 4092 940 4140 audiui
954 4090 1082 4156 p‘eaderet

109 4153 136 4198 15
155 4161 179 4202 01
200 4154 294 4207 deleuit
309 4155 461 4221 Sebefferus.
499 4173 556 4207 0000
580 4157 714 4208 Iaaabsiue
841 4164 872 4210 16
893 4165 950 4226 quid
973 4163 1077 4226 tempsi:
1101 4179 1149 4224 quo
1168 4160 1203 4210 H

107 4225 160 4282 quoi
178 4224 290 4292 Gaesius,
308 4244 358 4292 qus
375 4229 518 4292 Patauina,
538 4231 603 4293 quod
622 4227 766 4294 Sebefferus
873 4236 918 4282 sub
938 4234 1018 4298 allsgs
1030 4233 1049 4286 i.
1062 4249 1081 4286 0.
1100 4226 1143 4282 ὑπ’
1159 4227 1204 4282 ἀλ-

107 4287 167 4365 λαγῇ
185 4298 350 4366 0000100010,
369 4302 500 4366 uulpeculs
518 4316 588 4364 susp.
601 4300 735 4352 Iacobsius
