<?xml version="1.0" encoding="UTF-8"?>
<!DOCTYPE html PUBLIC "-//W3C//DTD XHTML 1.0 Transitional//EN"
    "http://www.w3.org/TR/xhtml1/DTD/xhtml1-transitional.dtd">
<html xmlns="http://www.w3.org/1999/xhtml" xml:lang="en" lang="en">
 <head>
  <title>
</title>
<meta http-equiv="Content-Type" content="text/html;charset=utf-8" />
  <meta name='ocr-system' content='tesseract 3.04.00' />
  <meta name='ocr-capabilities' content='ocr_page ocr_carea ocr_par ocr_line ocrx_word'/>
</head>
<body>
  <div class='ocr_page' id='page_1' title='image "./petroniiarbitri00buecgoog_0198.png"; bbox 0 0 3022 4956; ppageno 0'>
   <div class='ocr_carea' id='block_1_1' title="bbox 569 421 1194 490">
    <p class='ocr_par' dir='ltr' id='par_1_1' title="bbox 569 421 1194 490">
     <span class='ocr_line' id='line_1_1' title="bbox 569 421 1194 490; baseline 0.002 -14"><span class='ocrx_word' id='word_1_1' title='bbox 569 421 713 476; x_wconf 75' lang='lat' dir='ltr'>sn&#39;llltnu</span> <span class='ocrx_word' id='word_1_2' title='bbox 1002 459 1005 466; x_wconf 67' lang='grc'><strong><em>»</em></strong></span> <span class='ocrx_word' id='word_1_3' title='bbox 1134 426 1194 490; x_wconf 84' lang='grc'>143</span> 
     </span>
    </p>
   </div>
   <div class='ocr_carea' id='block_1_2' title="bbox 64 577 1195 1550">
    <p class='ocr_par' dir='ltr' id='par_1_2' title="bbox 64 577 1195 1550">
     <span class='ocr_line' id='line_1_2' title="bbox 70 577 1195 661; baseline 0.004 -22"><span class='ocrx_word' id='word_1_4' title='bbox 70 577 169 640; x_wconf 80' lang='lat' dir='ltr'>lbam.</span> <span class='ocrx_word' id='word_1_5' title='bbox 199 580 296 640; x_wconf 92' lang='lat' dir='ltr'>omnia</span> <span class='ocrx_word' id='word_1_6' title='bbox 312 598 361 642; x_wconf 88' lang='lat' dir='ltr'>mc</span> <span class='ocrx_word' id='word_1_7' title='bbox 373 579 475 642; x_wconf 89' lang='lat' dir='ltr'>oscula</span> <span class='ocrx_word' id='word_1_8' title='bbox 488 579 689 653; x_wconf 78' lang='lat' dir='ltr'>vulnerabant,</span> <span class='ocrx_word' id='word_1_9' title='bbox 706 594 810 639; x_wconf 91' lang='lat' dir='ltr'>omnes</span> <span class='ocrx_word' id='word_1_10' title='bbox 824 577 991 652; x_wconf 79' lang='lat' dir='ltr'>blanditiae,</span> <span class='ocrx_word' id='word_1_11' title='bbox 1006 599 1195 661; x_wconf 91' lang='lat' dir='ltr'>quascunque</span> 
     </span>
     <span class='ocr_line' id='line_1_3' title="bbox 101 677 1195 758; baseline 0.004 -22"><span class='ocrx_word' id='word_1_12' title='bbox 101 677 197 738; x_wconf 89' lang='lat' dir='ltr'>mulier</span> <span class='ocrx_word' id='word_1_13' title='bbox 208 677 364 739; x_wconf 92' lang='lat' dir='ltr'>libidinosa</span> <span class='ocrx_word' id='word_1_14' title='bbox 378 677 515 757; x_wconf 86' lang='lat' dir='ltr'>fingebat.</span> <span class='ocrx_word' id='word_1_15' title='bbox 543 696 598 740; x_wconf 93' lang='lat' dir='ltr'>nec</span> <span class='ocrx_word' id='word_1_16' title='bbox 610 686 708 740; x_wconf 91' lang='lat' dir='ltr'>tamen</span> <span class='ocrx_word' id='word_1_17' title='bbox 723 677 819 739; x_wconf 89' lang='lat' dir='ltr'>adbuc</span> <span class='ocrx_word' id='word_1_18' title='bbox 834 677 970 751; x_wconf 83' lang='lat' dir='ltr'>sciebam,</span> <span class='ocrx_word' id='word_1_19' title='bbox 989 685 1086 740; x_wconf 91' lang='lat' dir='ltr'>utrum</span> <span class='ocrx_word' id='word_1_20' title='bbox 1103 679 1195 758; x_wconf 85' lang='lat' dir='ltr'>magis</span> 
     </span>
     <span class='ocr_line' id='line_1_4' title="bbox 100 775 1195 857; baseline 0.003 -21"><span class='ocrx_word' id='word_1_21' title='bbox 100 793 182 854; x_wconf 92' lang='lat' dir='ltr'>puero</span> <span class='ocrx_word' id='word_1_22' title='bbox 197 777 348 850; x_wconf 81' lang='lat' dir='ltr'>irascerer,</span> <span class='ocrx_word' id='word_1_23' title='bbox 364 777 442 855; x_wconf 90' lang='lat' dir='ltr'>quod</span> <span class='ocrx_word' id='word_1_24' title='bbox 458 778 581 838; x_wconf 89' lang='lat' dir='ltr'>amicam</span> <span class='ocrx_word' id='word_1_25' title='bbox 597 777 670 839; x_wconf 94' lang='lat' dir='ltr'>mibi</span> <span class='ocrx_word' id='word_1_26' title='bbox 685 776 819 848; x_wconf 83' lang='lat' dir='ltr'>auferret,</span> <span class='ocrx_word' id='word_1_27' title='bbox 836 795 873 838; x_wconf 93' lang='lat' dir='ltr'>an</span> <span class='ocrx_word' id='word_1_28' title='bbox 887 775 1010 849; x_wconf 85' lang='lat' dir='ltr'>amicae,</span> <span class='ocrx_word' id='word_1_29' title='bbox 1028 779 1107 857; x_wconf 93' lang='lat' dir='ltr'>quod</span> <span class='ocrx_word' id='word_1_30' title='bbox 1122 796 1195 856; x_wconf 92' lang='lat' dir='ltr'>pue·</span> 
     </span>
     <span class='ocr_line' id='line_1_5' title="bbox 100 874 1195 956; baseline 0.001 -21"><span class='ocrx_word' id='word_1_31' title='bbox 100 894 157 936; x_wconf 90' lang='lat' dir='ltr'>rum</span> <span class='ocrx_word' id='word_1_32' title='bbox 177 882 395 956; x_wconf 84' lang='lat' dir='ltr'>corrumperet:</span> <span class='ocrx_word' id='word_1_33' title='bbox 416 882 540 955; x_wconf 90' lang='lat' dir='ltr'>utraque</span> <span class='ocrx_word' id='word_1_34' title='bbox 559 874 759 937; x_wconf 90' lang='lat' dir='ltr'>inimicissima</span> <span class='ocrx_word' id='word_1_35' title='bbox 779 874 869 937; x_wconf 91' lang='lat' dir='ltr'>oculis</span> <span class='ocrx_word' id='word_1_36' title='bbox 889 874 963 938; x_wconf 92' lang='lat' dir='ltr'>meis</span> <span class='ocrx_word' id='word_1_37' title='bbox 984 882 1013 936; x_wconf 93' lang='lat' dir='ltr'>et</span> <span class='ocrx_word' id='word_1_38' title='bbox 1033 875 1195 955; x_wconf 86' lang='lat' dir='ltr'>captivitate</span> 
     </span>
     <span class='ocr_line' id='line_1_6' title="bbox 75 973 1195 1054; baseline 0 -20"><span class='ocrx_word' id='word_1_39' title='bbox 75 975 242 1052; x_wconf 81' lang='lat' dir='ltr'>spreeterita</span> <span class='ocrx_word' id='word_1_40' title='bbox 271 973 413 1035; x_wconf 86' lang='lat' dir='ltr'>tristiora.</span> <span class='ocrx_word' id='word_1_41' title='bbox 452 974 606 1036; x_wconf 86' lang='lat' dir='ltr'>accedebat</span> <span class='ocrx_word' id='word_1_42' title='bbox 630 974 702 1045; x_wconf 90' lang='lat' dir='ltr'>huc,</span> <span class='ocrx_word' id='word_1_43' title='bbox 730 974 808 1052; x_wconf 92' lang='lat' dir='ltr'>quod</span> <span class='ocrx_word' id='word_1_44' title='bbox 840 992 934 1054; x_wconf 89' lang='lat' dir='ltr'>neque</span> <span class='ocrx_word' id='word_1_45' title='bbox 954 974 1127 1054; x_wconf 79' lang='lat' dir='ltr'>Tryphaena</span> <span class='ocrx_word' id='word_1_46' title='bbox 1147 993 1195 1034; x_wconf 90' lang='lat' dir='ltr'>me</span> 
     </span>
     <span class='ocr_line' id='line_1_7' title="bbox 99 1071 1195 1153; baseline 0 -20"><span class='ocrx_word' id='word_1_47' title='bbox 99 1073 289 1152; x_wconf 87' lang='lat' dir='ltr'>alloquebatur</span> <span class='ocrx_word' id='word_1_48' title='bbox 310 1080 449 1152; x_wconf 90' lang='lat' dir='ltr'>tanquam</span> <span class='ocrx_word' id='word_1_49' title='bbox 469 1072 642 1134; x_wconf 86' lang='lat' dir='ltr'>familiarem</span> <span class='ocrx_word' id='word_1_50' title='bbox 663 1078 692 1132; x_wconf 90' lang='lat' dir='ltr'>et</span> <span class='ocrx_word' id='word_1_51' title='bbox 710 1071 866 1151; x_wconf 91' lang='lat' dir='ltr'>aliquando</span> <span class='ocrx_word' id='word_1_52' title='bbox 882 1081 994 1153; x_wconf 83' lang='lat' dir='ltr'>gratum</span> <span class='ocrx_word' id='word_1_53' title='bbox 1011 1072 1065 1134; x_wconf 91' lang='lat' dir='ltr'>sibi</span> <span class='ocrx_word' id='word_1_54' title='bbox 1080 1080 1195 1134; x_wconf 89' lang='lat' dir='ltr'>amato-</span> 
     </span>
     <span class='ocr_line' id='line_1_8' title="bbox 99 1168 1194 1251; baseline 0 -20"><span class='ocrx_word' id='word_1_55' title='bbox 99 1189 166 1245; x_wconf 89' lang='lat' dir='ltr'>rem,</span> <span class='ocrx_word' id='word_1_56' title='bbox 186 1190 241 1234; x_wconf 91' lang='lat' dir='ltr'>nec</span> <span class='ocrx_word' id='word_1_57' title='bbox 261 1171 350 1233; x_wconf 80' lang='lat' dir='ltr'>Giton</span> <span class='ocrx_word' id='word_1_58' title='bbox 371 1189 419 1233; x_wconf 92' lang='lat' dir='ltr'>me</span> <span class='ocrx_word' id='word_1_59' title='bbox 438 1179 488 1232; x_wconf 91' lang='lat' dir='ltr'>aut</span> <span class='ocrx_word' id='word_1_60' title='bbox 507 1172 646 1234; x_wconf 90' lang='lat' dir='ltr'>tralaticia</span> <span class='ocrx_word' id='word_1_61' title='bbox 664 1171 871 1251; x_wconf 87' lang='lat' dir='ltr'>propinatione</span> <span class='ocrx_word' id='word_1_62' title='bbox 897 1172 1015 1250; x_wconf 84' lang='lat' dir='ltr'>dignum</span> <span class='ocrx_word' id='word_1_63' title='bbox 1040 1168 1194 1243; x_wconf 88' lang='lat' dir='ltr'>iudicabat,</span> 
     </span>
     <span class='ocr_line' id='line_1_9' title="bbox 99 1268 1194 1348; baseline 0.001 -19"><span class='ocrx_word' id='word_1_64' title='bbox 99 1277 141 1330; x_wconf 90' lang='lat' dir='ltr'>aut</span> <span class='ocrx_word' id='word_1_65' title='bbox 154 1271 230 1348; x_wconf 89' lang='lat' dir='ltr'>quod</span> <span class='ocrx_word' id='word_1_66' title='bbox 246 1270 403 1331; x_wconf 89' lang='lat' dir='ltr'>minimum</span> <span class='ocrx_word' id='word_1_67' title='bbox 420 1277 477 1344; x_wconf 90' lang='lat' dir='ltr'>est,</span> <span class='ocrx_word' id='word_1_68' title='bbox 493 1285 630 1330; x_wconf 90' lang='lat' dir='ltr'>sermone</span> <span class='ocrx_word' id='word_1_69' title='bbox 647 1268 797 1330; x_wconf 91' lang='lat' dir='ltr'>communi</span> <span class='ocrx_word' id='word_1_70' title='bbox 812 1270 946 1343; x_wconf 85' lang='lat' dir='ltr'>vocabat,</span> <span class='ocrx_word' id='word_1_71' title='bbox 963 1269 1067 1343; x_wconf 90' lang='lat' dir='ltr'>credo,</span> <span class='ocrx_word' id='word_1_72' title='bbox 1086 1268 1194 1330; x_wconf 89' lang='lat' dir='ltr'>veritus</span> 
     </span>
     <span class='ocr_line' id='line_1_10' title="bbox 99 1366 1195 1445; baseline 0.001 -18"><span class='ocrx_word' id='word_1_73' title='bbox 99 1385 130 1427; x_wconf 92' lang='lat' dir='ltr'>ne</span> <span class='ocrx_word' id='word_1_74' title='bbox 144 1368 217 1429; x_wconf 92' lang='lat' dir='ltr'>inter</span> <span class='ocrx_word' id='word_1_75' title='bbox 231 1367 314 1429; x_wconf 93' lang='lat' dir='ltr'>initia</span> <span class='ocrx_word' id='word_1_76' title='bbox 329 1366 463 1429; x_wconf 89' lang='lat' dir='ltr'>coeuntis</span> <span class='ocrx_word' id='word_1_77' title='bbox 478 1367 586 1445; x_wconf 84' lang='lat' dir='ltr'>gratiae</span> <span class='ocrx_word' id='word_1_78' title='bbox 600 1375 748 1428; x_wconf 88' lang='lat' dir='ltr'>recentem</span> <span class='ocrx_word' id='word_1_79' title='bbox 760 1368 922 1431; x_wconf 89' lang='lat' dir='ltr'>cicatricem</span> <span class='ocrx_word' id='word_1_80' title='bbox 934 1367 1121 1430; x_wconf 90' lang='lat' dir='ltr'>rescinderet.</span> <span class='ocrx_word' id='word_1_81' title='bbox 1147 1367 1195 1428; x_wconf 91' lang='lat' dir='ltr'>in·</span> 
     </span>
     <span class='ocr_line' id='line_1_11' title="bbox 64 1464 1194 1550; baseline 0.005 -28"><span class='ocrx_word' id='word_1_82' title='bbox 64 1475 86 1523; x_wconf 87' lang='lat'>10</span> <span class='ocrx_word' id='word_1_83' title='bbox 100 1467 236 1528; x_wconf 84' lang='lat' dir='ltr'>nudavere</span> <span class='ocrx_word' id='word_1_84' title='bbox 247 1474 351 1546; x_wconf 91' lang='lat' dir='ltr'>pectus</span> <span class='ocrx_word' id='word_1_85' title='bbox 362 1466 497 1526; x_wconf 89' lang='lat' dir='ltr'>lacrimae</span> <span class='ocrx_word' id='word_1_86' title='bbox 509 1464 611 1526; x_wconf 92' lang='lat' dir='ltr'>dolore</span> <span class='ocrx_word' id='word_1_87' title='bbox 621 1473 748 1545; x_wconf 89' lang='lat' dir='ltr'>paratae,</span> <span class='ocrx_word' id='word_1_88' title='bbox 764 1468 946 1550; x_wconf 79' lang='lat' dir='ltr'>gemitusque</span> <span class='ocrx_word' id='word_1_89' title='bbox 957 1466 1084 1547; x_wconf 85' lang='lat' dir='ltr'>suspirio</span> <span class='ocrx_word' id='word_1_90' title='bbox 1101 1473 1194 1539; x_wconf 81' lang='lat' dir='ltr'>tectus</span> 
     </span>
    </p>
   </div>
   <div class='ocr_carea' id='block_1_3' title="bbox 99 1563 650 1701">
    <p class='ocr_par' dir='ltr' id='par_1_3' title="bbox 99 1563 650 1701">
     <span class='ocr_line' id='line_1_12' title="bbox 99 1563 489 1646; baseline 0 -20"><span class='ocrx_word' id='word_1_91' title='bbox 99 1565 216 1626; x_wconf 90' lang='lat' dir='ltr'>animam</span> <span class='ocrx_word' id='word_1_92' title='bbox 230 1584 323 1646; x_wconf 90' lang='lat' dir='ltr'>paene</span> <span class='ocrx_word' id='word_1_93' title='bbox 340 1563 489 1627; x_wconf 85' lang='lat' dir='ltr'>submovit</span> 
     </span>
     <span class='ocr_line' id='line_1_13' title="bbox 629 1661 650 1701; baseline 0 0"><span class='ocrx_word' id='word_1_94' title='bbox 629 1661 650 1701; x_wconf 74' lang='lat' dir='ltr'>a</span> 
     </span>
    </p>
   </div>
   <div class='ocr_carea' id='block_1_4' title="bbox 175 1717 1195 1816">
    <p class='ocr_par' dir='ltr' id='par_1_4' title="bbox 175 1717 1195 1816">
     <span class='ocr_line' id='line_1_14' title="bbox 175 1717 1195 1816; baseline 0 -20"><span class='ocrx_word' id='word_1_95' title='bbox 175 1735 205 1797; x_wconf 92' lang='lat' dir='ltr'>in</span> <span class='ocrx_word' id='word_1_96' title='bbox 224 1743 340 1816; x_wconf 87' lang='lat' dir='ltr'>partem</span> <span class='ocrx_word' id='word_1_97' title='bbox 358 1735 517 1815; x_wconf 84' lang='lat' dir='ltr'>voluptatis</span> <span class='ocrx_word' id='word_1_98' title='bbox 532 1734 663 1796; x_wconf 90' lang='lat' dir='ltr'>tentabat</span> <span class='ocrx_word' id='word_1_99' title='bbox 677 1717 798 1810; x_wconf 87' lang='lat' dir='ltr'>admitti,</span> <span class='ocrx_word' id='word_1_100' title='bbox 812 1753 866 1796; x_wconf 92' lang='lat' dir='ltr'>nec</span> <span class='ocrx_word' id='word_1_101' title='bbox 880 1733 991 1796; x_wconf 89' lang='lat' dir='ltr'>domini</span> <span class='ocrx_word' id='word_1_102' title='bbox 1008 1731 1195 1814; x_wconf 88' lang='lat' dir='ltr'>supercibnm</span> 
     </span>
    </p>
   </div>
   <div class='ocr_carea' id='block_1_5' title="bbox 99 1831 768 1982">
    <p class='ocr_par' dir='ltr' id='par_1_5' title="bbox 99 1831 768 1982">
     <span class='ocr_line' id='line_1_15' title="bbox 99 1831 768 1912; baseline 0.003 -20"><span class='ocrx_word' id='word_1_103' title='bbox 99 1831 236 1909; x_wconf 89' lang='lat' dir='ltr'>induebat,</span> <span class='ocrx_word' id='word_1_104' title='bbox 253 1835 304 1896; x_wconf 93' lang='lat' dir='ltr'>sed</span> <span class='ocrx_word' id='word_1_105' title='bbox 321 1832 406 1895; x_wconf 91' lang='lat' dir='ltr'>amici</span> <span class='ocrx_word' id='word_1_106' title='bbox 422 1833 579 1912; x_wconf 90' lang='lat' dir='ltr'>quaerebat</span> <span class='ocrx_word' id='word_1_107' title='bbox 594 1832 768 1912; x_wconf 89' lang='lat' dir='ltr'>obsequium</span> 
     </span>
     <span class='ocr_line' id='line_1_16' title="bbox 627 1939 649 1982; baseline 0 0"><span class='ocrx_word' id='word_1_108' title='bbox 627 1939 649 1982; x_wconf 70' lang='lat' dir='ltr'>a</span> 
     </span>
    </p>
   </div>
   <div class='ocr_carea' id='block_1_6' title="bbox 63 2009 1194 2264">
    <p class='ocr_par' dir='ltr' id='par_1_6' title="bbox 63 2009 1194 2264">
     <span class='ocr_line' id='line_1_17' title="bbox 171 2009 1194 2098; baseline 0.004 -18"><span class='ocrx_word' id='word_1_109' title='bbox 171 2009 213 2080; x_wconf 78' lang='lat' dir='ltr'>‘si</span> <span class='ocrx_word' id='word_1_110' title='bbox 229 2017 300 2098; x_wconf 89' lang='lat' dir='ltr'>quid</span> <span class='ocrx_word' id='word_1_111' title='bbox 316 2016 436 2096; x_wconf 86' lang='lat' dir='ltr'>ingenui</span> <span class='ocrx_word' id='word_1_112' title='bbox 452 2014 604 2095; x_wconf 85' lang='lat' dir='ltr'>sanguinis</span> <span class='ocrx_word' id='word_1_113' title='bbox 616 2015 717 2090; x_wconf 92' lang='lat' dir='ltr'>habes,</span> <span class='ocrx_word' id='word_1_114' title='bbox 733 2033 795 2076; x_wconf 92' lang='lat' dir='ltr'>non</span> <span class='ocrx_word' id='word_1_115' title='bbox 803 2016 894 2097; x_wconf 92' lang='lat' dir='ltr'>pluris</span> <span class='ocrx_word' id='word_1_116' title='bbox 904 2015 983 2079; x_wconf 91' lang='lat' dir='ltr'>illam</span> <span class='ocrx_word' id='word_1_117' title='bbox 995 2015 1092 2093; x_wconf 83' lang='lat' dir='ltr'>iacies,</span> <span class='ocrx_word' id='word_1_118' title='bbox 1107 2035 1194 2098; x_wconf 80' lang='lat' dir='ltr'>quam</span> 
     </span>
     <span class='ocr_line' id='line_1_18' title="bbox 63 2105 846 2196; baseline -0.003 -20"><span class='ocrx_word' id='word_1_119' title='bbox 63 2128 86 2176; x_wconf 82' lang='lat' dir='ltr'>n</span> <span class='ocrx_word' id='word_1_120' title='bbox 101 2135 238 2196; x_wconf 88' lang='lat' dir='ltr'>spurcam.</span> <span class='ocrx_word' id='word_1_121' title='bbox 270 2117 295 2178; x_wconf 92' lang='lat' dir='ltr'>si</span> <span class='ocrx_word' id='word_1_122' title='bbox 309 2115 353 2176; x_wconf 85' lang='lat' dir='ltr'>vir</span> <span class='ocrx_word' id='word_1_123' title='bbox 367 2115 468 2191; x_wconf 85' lang='lat' dir='ltr'>fueris,</span> <span class='ocrx_word' id='word_1_124' title='bbox 483 2133 544 2177; x_wconf 92' lang='lat' dir='ltr'>non</span> <span class='ocrx_word' id='word_1_125' title='bbox 559 2113 614 2176; x_wconf 88' lang='lat' dir='ltr'>ibis</span> <span class='ocrx_word' id='word_1_126' title='bbox 630 2114 664 2176; x_wconf 90' lang='lat' dir='ltr'>ad</span> <span class='ocrx_word' id='word_1_127' title='bbox 681 2105 846 2195; x_wconf 84' lang='lat' dir='ltr'>spintriam&#39;</span> 
     </span>
     <span class='ocr_line' id='line_1_19' title="bbox 628 2224 650 2264; baseline 0 0"><span class='ocrx_word' id='word_1_128' title='bbox 628 2224 650 2264; x_wconf 75' lang='lat' dir='ltr'>as</span> 
     </span>
    </p>
   </div>
   <div class='ocr_carea' id='block_1_7' title="bbox 174 2297 1201 2383">
    <p class='ocr_par' dir='ltr' id='par_1_7' title="bbox 174 2297 1201 2383">
     <span class='ocr_line' id='line_1_20' title="bbox 174 2297 1201 2383; baseline -0.001 -21"><span class='ocrx_word' id='word_1_129' title='bbox 174 2321 221 2362; x_wconf 90' lang='lat' dir='ltr'>me</span> <span class='ocrx_word' id='word_1_130' title='bbox 241 2299 313 2362; x_wconf 92' lang='lat' dir='ltr'>nihil</span> <span class='ocrx_word' id='word_1_131' title='bbox 328 2297 422 2378; x_wconf 82' lang='lat' dir='ltr'>magis</span> <span class='ocrx_word' id='word_1_132' title='bbox 438 2297 585 2376; x_wconf 80' lang='lat' dir='ltr'>pungebat</span> <span class='ocrx_word' id='word_1_133' title='bbox 601 2316 688 2378; x_wconf 91' lang='lat' dir='ltr'>quam</span> <span class='ocrx_word' id='word_1_134' title='bbox 703 2317 741 2361; x_wconf 93' lang='lat' dir='ltr'>ne</span> <span class='ocrx_word' id='word_1_135' title='bbox 755 2299 919 2378; x_wconf 82' lang='lat' dir='ltr'>Eumolpus</span> <span class='ocrx_word' id='word_1_136' title='bbox 936 2299 1091 2375; x_wconf 91' lang='lat' dir='ltr'>sensisset,</span> <span class='ocrx_word' id='word_1_137' title='bbox 1113 2301 1201 2383; x_wconf 50' lang='lat' dir='ltr'>quiea</span> 
     </span>
    </p>
   </div>
   <div class='ocr_carea' id='block_1_8' title="bbox 100 2395 1096 2548">
    <p class='ocr_par' dir='ltr' id='par_1_8' title="bbox 100 2395 1096 2548">
     <span class='ocr_line' id='line_1_21' title="bbox 100 2395 1096 2476; baseline 0.005 -19"><span class='ocrx_word' id='word_1_138' title='bbox 100 2396 160 2476; x_wconf 91' lang='lat' dir='ltr'>qnid</span> <span class='ocrx_word' id='word_1_139' title='bbox 174 2399 243 2460; x_wconf 92' lang='lat' dir='ltr'>illud</span> <span class='ocrx_word' id='word_1_140' title='bbox 256 2397 360 2474; x_wconf 80' lang='lat' dir='ltr'>luerat,</span> <span class='ocrx_word' id='word_1_141' title='bbox 375 2404 405 2458; x_wconf 89' lang='lat' dir='ltr'>et</span> <span class='ocrx_word' id='word_1_142' title='bbox 418 2395 510 2458; x_wconf 90' lang='lat' dir='ltr'>homo</span> <span class='ocrx_word' id='word_1_143' title='bbox 526 2397 728 2459; x_wconf 91' lang='lat' dir='ltr'>dicacissimus</span> <span class='ocrx_word' id='word_1_144' title='bbox 744 2396 921 2460; x_wconf 90' lang='lat' dir='ltr'>carminibus</span> <span class='ocrx_word' id='word_1_145' title='bbox 936 2397 1096 2462; x_wconf 85' lang='lat' dir='ltr'>vindicaret</span> 
     </span>
     <span class='ocr_line' id='line_1_22' title="bbox 628 2509 649 2548; baseline 0 0"><span class='ocrx_word' id='word_1_146' title='bbox 628 2509 649 2548; x_wconf 73' lang='lat' dir='ltr'>a</span> 
     </span>
    </p>
   </div>
   <div class='ocr_carea' id='block_1_9' title="bbox 173 2580 789 2728">
    <p class='ocr_par' dir='ltr' id='par_1_9' title="bbox 173 2580 789 2728">
     <span class='ocr_line' id='line_1_23' title="bbox 173 2580 789 2662; baseline -0.005 -18"><span class='ocrx_word' id='word_1_147' title='bbox 173 2582 249 2645; x_wconf 87' lang='lat' dir='ltr'>iurat</span> <span class='ocrx_word' id='word_1_148' title='bbox 262 2581 429 2662; x_wconf 84' lang='lat' dir='ltr'>Eumolpus</span> <span class='ocrx_word' id='word_1_149' title='bbox 444 2580 539 2642; x_wconf 86' lang='lat' dir='ltr'>verbis</span> <span class='ocrx_word' id='word_1_150' title='bbox 555 2581 789 2662; x_wconf 86' lang='lat' dir='ltr'>conceptissimis</span> 
     </span>
     <span class='ocr_line' id='line_1_24' title="bbox 627 2689 648 2728; baseline 0 0"><span class='ocrx_word' id='word_1_151' title='bbox 627 2689 648 2728; x_wconf 78' lang='lat' dir='ltr'>aa</span> 
     </span>
    </p>
   </div>
   <div class='ocr_carea' id='block_1_10' title="bbox 100 2821 1195 3042">
    <p class='ocr_par' dir='ltr' id='par_1_10' title="bbox 100 2821 1195 3042">
     <span class='ocr_line' id='line_1_25' title="bbox 162 2821 1194 2885; baseline 0.007 -7"><span class='ocrx_word' id='word_1_152' title='bbox 162 2833 174 2878; x_wconf 81' lang='lat' dir='ltr'>t</span> <span class='ocrx_word' id='word_1_153' title='bbox 195 2829 287 2880; x_wconf 87' lang='lat' dir='ltr'>Gniton</span> <span class='ocrx_word' id='word_1_154' title='bbox 307 2831 332 2878; x_wconf 95' lang='lat' dir='ltr'><em>L</em></span> <span class='ocrx_word' id='word_1_155' title='bbox 475 2832 589 2881; x_wconf 85' lang='lat' dir='ltr'>trslntitis</span> <span class='ocrx_word' id='word_1_156' title='bbox 607 2832 667 2883; x_wconf 84' lang='lat' dir='ltr'>iibri</span> <span class='ocrx_word' id='word_1_157' title='bbox 792 2834 807 2881; x_wconf 90' lang='lat'>8</span> <span class='ocrx_word' id='word_1_158' title='bbox 823 2823 905 2883; x_wconf 79' lang='lat' dir='ltr'>‘deleo</span> <span class='ocrx_word' id='word_1_159' title='bbox 925 2835 1031 2883; x_wconf 84' lang='lat' dir='ltr'>nocebat</span> <span class='ocrx_word' id='word_1_160' title='bbox 1049 2841 1096 2884; x_wconf 87' lang='lat' dir='ltr'>ant</span> <span class='ocrx_word' id='word_1_161' title='bbox 1112 2821 1194 2885; x_wconf 78' lang='lat' dir='ltr'>scribo</span> 
     </span>
     <span class='ocr_line' id='line_1_26' title="bbox 100 2896 1195 2973; baseline 0.01 -26"><span class='ocrx_word' id='word_1_162' title='bbox 100 2901 195 2950; x_wconf 88' lang='lat' dir='ltr'>sermoni</span> <span class='ocrx_word' id='word_1_163' title='bbox 214 2903 342 2950; x_wconf 86' lang='lat' dir='ltr'>communi</span> <span class='ocrx_word' id='word_1_164' title='bbox 361 2896 479 2954; x_wconf 83' lang='lat' dir='ltr'>uscebct’</span> <span class='ocrx_word' id='word_1_165' title='bbox 500 2903 613 2958; x_wconf 82' lang='lat' dir='ltr'>incertas</span> <span class='ocrx_word' id='word_1_166' title='bbox 631 2902 704 2968; x_wconf 77' lang='lat' dir='ltr'>apred</span> <span class='ocrx_word' id='word_1_167' title='bbox 716 2903 911 2954; x_wconf 80' lang='lat' dir='ltr'>Hadrianidem</span> <span class='ocrx_word' id='word_1_168' title='bbox 1020 2907 1052 2956; x_wconf 89' lang='lat'>10</span> <span class='ocrx_word' id='word_1_169' title='bbox 1071 2907 1195 2973; x_wconf 72' lang='lat' dir='ltr'>lacrymae</span> 
     </span>
     <span class='ocr_line' id='line_1_27' title="bbox 100 2969 1085 3042; baseline 0.011 -26"><span class='ocrx_word' id='word_1_170' title='bbox 100 2969 121 3016; x_wconf 91' lang='lat' dir='ltr'><em>L</em></span> <span class='ocrx_word' id='word_1_171' title='bbox 222 2975 253 3022; x_wconf 94' lang='lat'>11</span> <span class='ocrx_word' id='word_1_172' title='bbox 273 2988 338 3037; x_wconf 90' lang='lat' dir='ltr'>pene</span> <span class='ocrx_word' id='word_1_173' title='bbox 357 2975 382 3022; x_wconf 94' lang='lat' dir='ltr'><em>L</em></span> <span class='ocrx_word' id='word_1_174' title='bbox 489 2974 620 3025; x_wconf 74' lang='lat' dir='ltr'>asteriscos</span> <span class='ocrx_word' id='word_1_175' title='bbox 639 2974 704 3026; x_wconf 82' lang='lat' dir='ltr'>dnos</span> <span class='ocrx_word' id='word_1_176' title='bbox 721 2976 889 3040; x_wconf 73' lang='lat' dir='ltr'>interponant</span> <span class='ocrx_word' id='word_1_177' title='bbox 906 2976 949 3040; x_wconf 90' lang='lat' dir='ltr'>Lt,</span> <span class='ocrx_word' id='word_1_178' title='bbox 968 2993 1085 3042; x_wconf 85' lang='lat' dir='ltr'>nnnmp</span> 
     </span>
    </p>
   </div>
   <div class='ocr_carea' id='block_1_11' title="bbox 102 3042 1195 3111">
    <p class='ocr_par' dir='ltr' id='par_1_11' title="bbox 102 3042 1195 3111">
     <span class='ocr_line' id='line_1_28' title="bbox 102 3042 1195 3111; baseline 0.009 -22"><span class='ocrx_word' id='word_1_179' title='bbox 102 3043 128 3088; x_wconf 82' lang='lat'>12</span> <span class='ocrx_word' id='word_1_180' title='bbox 145 3042 237 3094; x_wconf 75' lang='lat' dir='ltr'>Iicbas</span> <span class='ocrx_word' id='word_1_181' title='bbox 254 3043 409 3111; x_wconf 80' lang='lat' dir='ltr'>inteliepitar</span> <span class='ocrx_word' id='word_1_182' title='bbox 496 3048 527 3095; x_wconf 83' lang='lat'>13</span> <span class='ocrx_word' id='word_1_183' title='bbox 548 3053 597 3096; x_wconf 81' lang='lat' dir='ltr'>tres</span> <span class='ocrx_word' id='word_1_184' title='bbox 615 3045 700 3098; x_wconf 79' lang='lat' dir='ltr'>duone</span> <span class='ocrx_word' id='word_1_185' title='bbox 718 3047 852 3098; x_wconf 71' lang='lat' dir='ltr'>asterinos</span> <span class='ocrx_word' id='word_1_186' title='bbox 870 3047 964 3099; x_wconf 83' lang='lat' dir='ltr'>babent</span> <span class='ocrx_word' id='word_1_187' title='bbox 980 3047 1048 3099; x_wconf 82' lang='lat' dir='ltr'>libri.</span> <span class='ocrx_word' id='word_1_188' title='bbox 1084 3065 1195 3100; x_wconf 74' lang='lat' dir='ltr'>ramnus</span> 
     </span>
    </p>
   </div>
   <div class='ocr_carea' id='block_1_12' title="bbox 101 3131 1196 3240">
    <p class='ocr_par' dir='ltr' id='par_1_12' title="bbox 101 3131 1196 3240">
     <span class='ocr_line' id='line_1_29' title="bbox 101 3131 1196 3240; baseline 0.014 -29"><span class='ocrx_word' id='word_1_189' title='bbox 101 3180 258 3218; x_wconf 69' lang='lat' dir='ltr'>serenantur:</span> <span class='ocrx_word' id='word_1_190' title='bbox 270 3186 306 3218; x_wconf 79' lang='lat' dir='ltr'>an</span> <span class='ocrx_word' id='word_1_191' title='bbox 325 3131 471 3234; x_wconf 62' lang='lat' dir='ltr'>alconcmu</span> <span class='ocrx_word' id='word_1_192' title='bbox 485 3170 625 3236; x_wconf 75' lang='lat' dir='ltr'>interponit</span> <span class='ocrx_word' id='word_1_193' title='bbox 636 3172 669 3234; x_wconf 92' lang='lat' dir='ltr'>L,</span> <span class='ocrx_word' id='word_1_194' title='bbox 688 3171 800 3237; x_wconf 82' lang='lat' dir='ltr'>marpini</span> <span class='ocrx_word' id='word_1_195' title='bbox 811 3171 945 3236; x_wconf 81' lang='lat' dir='ltr'>imponant</span> <span class='ocrx_word' id='word_1_196' title='bbox 952 3182 986 3240; x_wconf 87' lang='lat' dir='ltr'>pt</span> <span class='ocrx_word' id='word_1_197' title='bbox 1076 3179 1108 3224; x_wconf 89' lang='lat'>14</span> <span class='ocrx_word' id='word_1_198' title='bbox 1115 3191 1196 3240; x_wconf 85' lang='lat' dir='ltr'>prae·</span> 
     </span>
    </p>
   </div>
   <div class='ocr_carea' id='block_1_13' title="bbox 100 3235 1279 4304">
    <p class='ocr_par' dir='ltr' id='par_1_13' title="bbox 100 3235 1279 4304">
     <span class='ocr_line' id='line_1_30' title="bbox 100 3235 1195 3312; baseline 0.011 -28"><span class='ocrx_word' id='word_1_199' title='bbox 100 3235 218 3288; x_wconf 83' lang='lat' dir='ltr'>mittebant</span> <span class='ocrx_word' id='word_1_200' title='bbox 234 3241 295 3288; x_wconf 88' lang='lat' dir='ltr'>dnm</span> <span class='ocrx_word' id='word_1_201' title='bbox 314 3241 403 3290; x_wconf 85' lang='lat' dir='ltr'>ancilla</span> <span class='ocrx_word' id='word_1_202' title='bbox 419 3243 532 3291; x_wconf 84' lang='lat' dir='ltr'>restitans</span> <span class='ocrx_word' id='word_1_203' title='bbox 544 3244 569 3291; x_wconf 93' lang='lat' dir='ltr'>in</span> <span class='ocrx_word' id='word_1_204' title='bbox 582 3245 646 3293; x_wconf 80' lang='lat' dir='ltr'>haec</span> <span class='ocrx_word' id='word_1_205' title='bbox 659 3245 739 3306; x_wconf 90' lang='lat' dir='ltr'>erupit</span> <span class='ocrx_word' id='word_1_206' title='bbox 751 3242 820 3308; x_wconf 84' lang='lat' dir='ltr'>qood</span> <span class='ocrx_word' id='word_1_207' title='bbox 835 3237 970 3296; x_wconf 78' lang='lat' dir='ltr'>‘sublestae</span> <span class='ocrx_word' id='word_1_208' title='bbox 981 3245 1049 3312; x_wconf 83' lang='lat' dir='ltr'>fidei</span> <span class='ocrx_word' id='word_1_209' title='bbox 1059 3246 1195 3311; x_wconf 80' lang='lat' dir='ltr'>frcpmen·</span> 
     </span>
     <span class='ocr_line' id='line_1_31' title="bbox 101 3310 1279 3382; baseline 0.008 -24"><span class='ocrx_word' id='word_1_210' title='bbox 101 3312 144 3356; x_wconf 70' lang='lat' dir='ltr'>um</span> <span class='ocrx_word' id='word_1_211' title='bbox 160 3310 297 3361; x_wconf 74' lang='lat' dir='ltr'>Parisinus</span> <span class='ocrx_word' id='word_1_212' title='bbox 320 3310 440 3362; x_wconf 78' lang='lat' dir='ltr'>editionis</span> <span class='ocrx_word' id='word_1_213' title='bbox 463 3312 516 3362; x_wconf 85' lang='lat' dir='ltr'>icae</span> <span class='ocrx_word' id='word_1_214' title='bbox 537 3330 619 3378; x_wconf 83' lang='lat' dir='ltr'>snpra</span> <span class='ocrx_word' id='word_1_215' title='bbox 643 3311 777 3364; x_wconf 82' lang='lat' dir='ltr'>laudatae’</span> <span class='ocrx_word' id='word_1_216' title='bbox 799 3331 876 3380; x_wconf 85' lang='lat' dir='ltr'>qnam</span> <span class='ocrx_word' id='word_1_217' title='bbox 899 3333 967 3366; x_wconf 88' lang='lat' dir='ltr'>anno</span> <span class='ocrx_word' id='word_1_218' title='bbox 987 3319 1054 3367; x_wconf 85' lang='lat'><em>1595</em></span> <span class='ocrx_word' id='word_1_219' title='bbox 1074 3317 1197 3382; x_wconf 76' lang='lat' dir='ltr'>adsipnat</span> <span class='ocrx_word' id='word_1_220' title='bbox 1269 3361 1279 3368; x_wconf 82' lang='lat'>.</span> 
     </span>
     <span class='ocr_line' id='line_1_32' title="bbox 100 3375 1194 3451; baseline 0.01 -21"><span class='ocrx_word' id='word_1_221' title='bbox 100 3385 125 3425; x_wconf 75' lang='lat' dir='ltr'>nt</span> <span class='ocrx_word' id='word_1_222' title='bbox 143 3381 233 3432; x_wconf 83' lang='lat' dir='ltr'>similia</span> <span class='ocrx_word' id='word_1_223' title='bbox 258 3381 320 3432; x_wconf 80' lang='lat' dir='ltr'>alibi</span> <span class='ocrx_word' id='word_1_224' title='bbox 335 3375 387 3433; x_wconf 82' lang='lat' dir='ltr'>‘bic</span> <span class='ocrx_word' id='word_1_225' title='bbox 405 3383 478 3434; x_wconf 84' lang='lat' dir='ltr'>band</span> <span class='ocrx_word' id='word_1_226' title='bbox 495 3384 641 3449; x_wconf 80' lang='lat' dir='ltr'>importatae</span> <span class='ocrx_word' id='word_1_227' title='bbox 657 3384 737 3435; x_wconf 76' lang='lat' dir='ltr'>imeri</span> <span class='ocrx_word' id='word_1_228' title='bbox 750 3381 854 3448; x_wconf 84' lang='lat' dir='ltr'>possus’</span> <span class='ocrx_word' id='word_1_229' title='bbox 877 3395 914 3436; x_wconf 87' lang='lat' dir='ltr'>est</span> <span class='ocrx_word' id='word_1_230' title='bbox 924 3387 1028 3451; x_wconf 83' lang='lat' dir='ltr'>primns</span> <span class='ocrx_word' id='word_1_231' title='bbox 1048 3386 1194 3441; x_wconf 77' lang='lat' dir='ltr'>Gorasalitts.</span> 
     </span>
     <span class='ocr_line' id='line_1_33' title="bbox 101 3446 1197 3522; baseline 0.006 -20"><span class='ocrx_word' id='word_1_232' title='bbox 101 3446 125 3496; x_wconf 72' lang='lat' dir='ltr'>ln</span> <span class='ocrx_word' id='word_1_233' title='bbox 139 3451 346 3504; x_wconf 76' lang='lat' dir='ltr'>Bourdeiotianis</span> <span class='ocrx_word' id='word_1_234' title='bbox 371 3472 396 3504; x_wconf 86' lang='lat' dir='ltr'>a.</span> <span class='ocrx_word' id='word_1_235' title='bbox 417 3459 485 3506; x_wconf 88' lang='lat'><strong><em>1618</em></strong></span> <span class='ocrx_word' id='word_1_236' title='bbox 505 3464 528 3506; x_wconf 86' lang='lat' dir='ltr'>et</span> <span class='ocrx_word' id='word_1_237' title='bbox 546 3459 614 3507; x_wconf 78' lang='lat'><strong><em>1645</em></strong></span> <span class='ocrx_word' id='word_1_238' title='bbox 634 3456 680 3507; x_wconf 82' lang='lat' dir='ltr'>boc</span> <span class='ocrx_word' id='word_1_239' title='bbox 698 3464 722 3506; x_wconf 86' lang='lat' dir='ltr'>et</span> <span class='ocrx_word' id='word_1_240' title='bbox 738 3457 833 3507; x_wconf 84' lang='lat' dir='ltr'>similia</span> <span class='ocrx_word' id='word_1_241' title='bbox 850 3457 965 3508; x_wconf 83' lang='lat' dir='ltr'>nondum</span> <span class='ocrx_word' id='word_1_242' title='bbox 982 3459 1149 3522; x_wconf 77' lang='lat' dir='ltr'>reperiantur</span> <span class='ocrx_word' id='word_1_243' title='bbox 1167 3467 1197 3509; x_wconf 84' lang='lat' dir='ltr'>nt</span> 
     </span>
     <span class='ocr_line' id='line_1_34' title="bbox 102 3521 1194 3595; baseline 0.008 -24"><span class='ocrx_word' id='word_1_244' title='bbox 102 3521 150 3582; x_wconf 81' lang='lat' dir='ltr'>qnia</span> <span class='ocrx_word' id='word_1_245' title='bbox 165 3540 195 3574; x_wconf 83' lang='lat' dir='ltr'>ea</span> <span class='ocrx_word' id='word_1_246' title='bbox 211 3533 325 3591; x_wconf 79' lang='lat' dir='ltr'>capatus</span> <span class='ocrx_word' id='word_1_247' title='bbox 345 3526 380 3576; x_wconf 88' lang='lat' dir='ltr'>sit</span> <span class='ocrx_word' id='word_1_248' title='bbox 396 3527 509 3577; x_wconf 86' lang='lat' dir='ltr'>nesciam</span> <span class='ocrx_word' id='word_1_249' title='bbox 600 3530 631 3578; x_wconf 83' lang='lat'>15</span> <span class='ocrx_word' id='word_1_250' title='bbox 652 3543 767 3592; x_wconf 86' lang='lat' dir='ltr'>spurcam</span> <span class='ocrx_word' id='word_1_251' title='bbox 785 3545 873 3595; x_wconf 82' lang='lat' dir='ltr'>marpo</span> <span class='ocrx_word' id='word_1_252' title='bbox 885 3530 924 3578; x_wconf 89' lang='lat' dir='ltr'>L:</span> <span class='ocrx_word' id='word_1_253' title='bbox 943 3539 1053 3593; x_wconf 83' lang='lat' dir='ltr'>sportam</span> <span class='ocrx_word' id='word_1_254' title='bbox 1065 3530 1126 3581; x_wconf 79' lang='lat' dir='ltr'>libri</span> <span class='ocrx_word' id='word_1_255' title='bbox 1137 3530 1194 3594; x_wconf 86' lang='lat' dir='ltr'>mei,</span> 
     </span>
     <span class='ocr_line' id='line_1_35' title="bbox 101 3596 1195 3666; baseline 0.01 -25"><span class='ocrx_word' id='word_1_256' title='bbox 101 3602 199 3653; x_wconf 79' lang='lat' dir='ltr'>aponum</span> <span class='ocrx_word' id='word_1_257' title='bbox 217 3596 400 3650; x_wconf 85' lang='lat' dir='ltr'>Memmianas.</span> <span class='ocrx_word' id='word_1_258' title='bbox 437 3607 544 3648; x_wconf 85' lang='lat' dir='ltr'>scortum</span> <span class='ocrx_word' id='word_1_259' title='bbox 563 3598 708 3662; x_wconf 78' lang='lat' dir='ltr'>Puteolanos,</span> <span class='ocrx_word' id='word_1_260' title='bbox 728 3601 837 3663; x_wconf 81' lang='lat' dir='ltr'>spuriam</span> <span class='ocrx_word' id='word_1_261' title='bbox 857 3599 995 3651; x_wconf 72' lang='lat' dir='ltr'>Gmnaliecs</span> <span class='ocrx_word' id='word_1_262' title='bbox 1126 3604 1195 3666; x_wconf 87' lang='lat' dir='ltr'>spin-</span> 
     </span>
     <span class='ocr_line' id='line_1_36' title="bbox 100 3662 1196 3739; baseline 0.012 -28"><span class='ocrx_word' id='word_1_263' title='bbox 100 3662 180 3716; x_wconf 85' lang='lat' dir='ltr'>thriarn</span> <span class='ocrx_word' id='word_1_264' title='bbox 205 3685 296 3734; x_wconf 78' lang='lat' dir='ltr'>morpo</span> <span class='ocrx_word' id='word_1_265' title='bbox 320 3677 342 3718; x_wconf 87' lang='lat' dir='ltr'>t:</span> <span class='ocrx_word' id='word_1_266' title='bbox 369 3671 480 3732; x_wconf 84' lang='lat' dir='ltr'>spuicam</span> <span class='ocrx_word' id='word_1_267' title='bbox 499 3677 522 3721; x_wconf 85' lang='lat' dir='ltr'>ct</span> <span class='ocrx_word' id='word_1_268' title='bbox 540 3669 569 3719; x_wconf 89' lang='lat' dir='ltr'>in</span> <span class='ocrx_word' id='word_1_269' title='bbox 586 3670 702 3735; x_wconf 80' lang='lat' dir='ltr'>marpine</span> <span class='ocrx_word' id='word_1_270' title='bbox 721 3672 834 3735; x_wconf 79' lang='lat' dir='ltr'>spingem</span> <span class='ocrx_word' id='word_1_271' title='bbox 852 3674 891 3736; x_wconf 90' lang='lat' dir='ltr'>L,</span> <span class='ocrx_word' id='word_1_272' title='bbox 919 3674 1026 3736; x_wconf 87' lang='lat' dir='ltr'>spuitam</span> <span class='ocrx_word' id='word_1_273' title='bbox 1045 3673 1196 3739; x_wconf 82' lang='lat' dir='ltr'>praeposito</span> 
     </span>
     <span class='ocr_line' id='line_1_37' title="bbox 101 3737 1197 3812; baseline 0.01 -27"><span class='ocrx_word' id='word_1_274' title='bbox 101 3737 207 3812; x_wconf 66' lang='lat' dir='ltr'>paciaco</span> <span class='ocrx_word' id='word_1_275' title='bbox 221 3755 256 3803; x_wconf 84' lang='lat' dir='ltr'>p,</span> <span class='ocrx_word' id='word_1_276' title='bbox 280 3756 396 3804; x_wconf 85' lang='lat' dir='ltr'>spurcam</span> <span class='ocrx_word' id='word_1_277' title='bbox 416 3749 437 3806; x_wconf 86' lang='lat' dir='ltr'>t,</span> <span class='ocrx_word' id='word_1_278' title='bbox 457 3743 583 3805; x_wconf 87' lang='lat' dir='ltr'>spinthnm</span> <span class='ocrx_word' id='word_1_279' title='bbox 600 3741 772 3791; x_wconf 83' lang='lat' dir='ltr'>Meanmionns</span> <span class='ocrx_word' id='word_1_280' title='bbox 905 3744 1047 3808; x_wconf 85' lang='lat' dir='ltr'>complores</span> <span class='ocrx_word' id='word_1_281' title='bbox 1065 3746 1197 3797; x_wconf 75' lang='lat' dir='ltr'>mtcriscos</span> 
     </span>
     <span class='ocr_line' id='line_1_38' title="bbox 101 3811 1196 3883; baseline 0.009 -24"><span class='ocrx_word' id='word_1_282' title='bbox 101 3813 254 3883; x_wconf 55' lang='lat' dir='ltr'>{perpacem</span> <span class='ocrx_word' id='word_1_283' title='bbox 271 3811 332 3861; x_wconf 82' lang='lat' dir='ltr'>libri</span> <span class='ocrx_word' id='word_1_284' title='bbox 476 3816 506 3862; x_wconf 89' lang='grc'>16</span> <span class='ocrx_word' id='word_1_285' title='bbox 526 3815 589 3862; x_wconf 85' lang='lat' dir='ltr'>haec</span> <span class='ocrx_word' id='word_1_286' title='bbox 611 3814 688 3863; x_wconf 80' lang='lat' dir='ltr'>animi</span> <span class='ocrx_word' id='word_1_287' title='bbox 705 3815 854 3876; x_wconf 84' lang='lat' dir='ltr'>pendentem</span> <span class='ocrx_word' id='word_1_288' title='bbox 873 3816 999 3879; x_wconf 82' lang='lat' dir='ltr'>angebant</span> <span class='ocrx_word' id='word_1_289' title='bbox 1016 3819 1060 3867; x_wconf 87' lang='lat' dir='ltr'>sed</span> <span class='ocrx_word' id='word_1_290' title='bbox 1079 3827 1138 3869; x_wconf 87' lang='lat' dir='ltr'>ante</span> <span class='ocrx_word' id='word_1_291' title='bbox 1155 3833 1196 3868; x_wconf 83' lang='lat' dir='ltr'>me</span> 
     </span>
     <span class='ocr_line' id='line_1_39' title="bbox 102 3881 1195 3952; baseline 0.016 -27"><span class='ocrx_word' id='word_1_292' title='bbox 102 3881 198 3931; x_wconf 74' lang='lat' dir='ltr'>emeruit</span> <span class='ocrx_word' id='word_1_293' title='bbox 215 3882 361 3933; x_wconf 79' lang='lat' dir='ltr'>Gonsolios.</span> <span class='ocrx_word' id='word_1_294' title='bbox 393 3882 456 3934; x_wconf 82' lang='lat' dir='ltr'>aide</span> <span class='ocrx_word' id='word_1_295' title='bbox 474 3883 511 3933; x_wconf 86' lang='lat' dir='ltr'>ad</span> <span class='ocrx_word' id='word_1_296' title='bbox 528 3899 554 3933; x_wconf 85' lang='lat' dir='ltr'>a.</span> <span class='ocrx_word' id='word_1_297' title='bbox 576 3887 609 3932; x_wconf 83' lang='lat'>14</span> <span class='ocrx_word' id='word_1_298' title='bbox 728 3886 978 3952; x_wconf 68' lang='lat' dir='ltr'>pungebacampsi:</span> <span class='ocrx_word' id='word_1_299' title='bbox 1001 3890 1110 3952; x_wconf 86' lang='lat' dir='ltr'>pudebat</span> <span class='ocrx_word' id='word_1_300' title='bbox 1128 3887 1195 3942; x_wconf 83' lang='lat' dir='ltr'>libri.</span> 
     </span>
     <span class='ocr_line' id='line_1_40' title="bbox 102 3950 1196 4022; baseline 0.015 -27"><span class='ocrx_word' id='word_1_301' title='bbox 102 3950 178 3999; x_wconf 82' lang='lat' dir='ltr'>arebat</span> <span class='ocrx_word' id='word_1_302' title='bbox 199 3954 294 4005; x_wconf 76' lang='lat' dir='ltr'>Danaa</span> <span class='ocrx_word' id='word_1_303' title='bbox 425 3957 455 4004; x_wconf 78' lang='lat'>17</span> <span class='ocrx_word' id='word_1_304' title='bbox 477 3955 608 4005; x_wconf 70' lang='lat' dir='ltr'>asteriscos</span> <span class='ocrx_word' id='word_1_305' title='bbox 631 3955 696 4005; x_wconf 86' lang='lat' dir='ltr'>daos</span> <span class='ocrx_word' id='word_1_306' title='bbox 720 3953 814 4004; x_wconf 82' lang='lat' dir='ltr'>babent</span> <span class='ocrx_word' id='word_1_307' title='bbox 836 3956 885 4021; x_wconf 84' lang='lat' dir='ltr'>Lt,</span> <span class='ocrx_word' id='word_1_308' title='bbox 910 3975 991 4008; x_wconf 82' lang='lat' dir='ltr'>unam</span> <span class='ocrx_word' id='word_1_309' title='bbox 1009 3974 1040 4022; x_wconf 87' lang='lat' dir='ltr'>p.</span> <span class='ocrx_word' id='word_1_310' title='bbox 1077 3963 1196 4011; x_wconf 78' lang='lat' dir='ltr'>creditam</span> 
     </span>
     <span class='ocr_line' id='line_1_41' title="bbox 103 4021 1197 4098; baseline 0.015 -32"><span class='ocrx_word' id='word_1_311' title='bbox 103 4021 192 4098; x_wconf 83' lang='lat' dir='ltr'>npxium</span> <span class='ocrx_word' id='word_1_312' title='bbox 209 4025 319 4076; x_wconf 82' lang='lat' dir='ltr'>barbare</span> <span class='ocrx_word' id='word_1_313' title='bbox 337 4025 473 4089; x_wconf 69' lang='lat' dir='ltr'>conplebant</span> <span class='ocrx_word' id='word_1_314' title='bbox 490 4025 551 4076; x_wconf 84' lang='lat' dir='ltr'>inde</span> <span class='ocrx_word' id='word_1_315' title='bbox 569 4043 587 4076; x_wconf 85' lang='lat' dir='ltr'>a</span> <span class='ocrx_word' id='word_1_316' title='bbox 607 4024 735 4078; x_wconf 72' lang='lat' dir='ltr'>Gmmalio.</span> <span class='ocrx_word' id='word_1_317' title='bbox 754 4024 815 4076; x_wconf 78' lang='lat' dir='ltr'>niele</span> <span class='ocrx_word' id='word_1_318' title='bbox 834 4027 870 4078; x_wconf 78' lang='lat' dir='ltr'>ad</span> <span class='ocrx_word' id='word_1_319' title='bbox 887 4046 913 4079; x_wconf 81' lang='lat' dir='ltr'>aa.</span> <span class='ocrx_word' id='word_1_320' title='bbox 935 4033 968 4080; x_wconf 87' lang='grc'>14</span> <span class='ocrx_word' id='word_1_321' title='bbox 1090 4034 1121 4081; x_wconf 89' lang='grc'>18</span> <span class='ocrx_word' id='word_1_322' title='bbox 1140 4047 1197 4082; x_wconf 87' lang='lat' dir='ltr'>uer·</span> 
     </span>
     <span class='ocr_line' id='line_1_42' title="bbox 104 4087 1197 4167; baseline 0.016 -33"><span class='ocrx_word' id='word_1_323' title='bbox 104 4087 134 4136; x_wconf 83' lang='lat' dir='ltr'>bo</span> <span class='ocrx_word' id='word_1_324' title='bbox 153 4093 283 4161; x_wconf 79' lang='lat' dir='ltr'>Eumolpus</span> <span class='ocrx_word' id='word_1_325' title='bbox 310 4097 418 4147; x_wconf 72' lang='lat' dir='ltr'>innectit</span> <span class='ocrx_word' id='word_1_326' title='bbox 441 4097 473 4147; x_wconf 80' lang='lat' dir='ltr'>L.</span> <span class='ocrx_word' id='word_1_327' title='bbox 509 4096 628 4164; x_wconf 76' lang='lat' dir='ltr'>famatam</span> <span class='ocrx_word' id='word_1_328' title='bbox 651 4096 696 4146; x_wconf 84' lang='lat' dir='ltr'>boc</span> <span class='ocrx_word' id='word_1_329' title='bbox 723 4103 754 4146; x_wconf 85' lang='lat' dir='ltr'>nt</span> <span class='ocrx_word' id='word_1_330' title='bbox 776 4108 939 4166; x_wconf 80' lang='lat' dir='ltr'>seruaretur,</span> <span class='ocrx_word' id='word_1_331' title='bbox 966 4102 1141 4167; x_wconf 74' lang='lat' dir='ltr'>superlationis</span> <span class='ocrx_word' id='word_1_332' title='bbox 1168 4103 1197 4152; x_wconf 88' lang='lat' dir='ltr'>in</span> 
     </span>
     <span class='ocr_line' id='line_1_43' title="bbox 105 4167 1196 4238; baseline 0.013 -28"><span class='ocrx_word' id='word_1_333' title='bbox 105 4167 250 4238; x_wconf 71' lang='lat' dir='ltr'>tenerescit</span> <span class='ocrx_word' id='word_1_334' title='bbox 356 4168 420 4219; x_wconf 85' lang='lat' dir='ltr'>daos</span> <span class='ocrx_word' id='word_1_335' title='bbox 438 4177 540 4234; x_wconf 74' lang='lat' dir='ltr'>tresque</span> <span class='ocrx_word' id='word_1_336' title='bbox 558 4169 690 4219; x_wconf 83' lang='lat' dir='ltr'>asteriscos</span> <span class='ocrx_word' id='word_1_337' title='bbox 707 4167 877 4234; x_wconf 85' lang='lat' dir='ltr'>interponant</span> <span class='ocrx_word' id='word_1_338' title='bbox 893 4173 936 4238; x_wconf 88' lang='lat' dir='ltr'>Lt,</span> <span class='ocrx_word' id='word_1_339' title='bbox 960 4175 1114 4225; x_wconf 73' lang='lat' dir='ltr'>cernicatam</span> <span class='ocrx_word' id='word_1_340' title='bbox 1132 4181 1196 4224; x_wconf 83' lang='lat' dir='ltr'>aste-</span> 
     </span>
     <span class='ocr_line' id='line_1_44' title="bbox 104 4233 342 4304; baseline 0.034 -21"><span class='ocrx_word' id='word_1_341' title='bbox 104 4233 168 4283; x_wconf 73' lang='lat' dir='ltr'>tuns</span> <span class='ocrx_word' id='word_1_342' title='bbox 184 4239 307 4304; x_wconf 79' lang='lat' dir='ltr'>septetum</span> <span class='ocrx_word' id='word_1_343' title='bbox 319 4255 342 4304; x_wconf 86' lang='lat' dir='ltr'>p</span> 
     </span>
    </p>
   </div>
   <div class='ocr_carea' id='block_1_14' title="bbox 0 0 1521 4956">
    <p class='ocr_par' dir='ltr' id='par_1_14' title="bbox 0 0 1521 4956">
     <span class='ocr_line' id='line_1_45' title="bbox 0 0 1521 4956; baseline 0 0"><span class='ocrx_word' id='word_1_344' title='bbox 0 0 1521 4956; x_wconf 95' lang='lat' dir='ltr'> </span> 
     </span>
    </p>
   </div>
  </div>
 </body>
</html>
