3008 4962
560 455 702 510 sarthan
1140 458 1181 520 43

54 625 140 696 nque
157 615 306 677 duodecim
323 614 361 675 dii
377 612 516 684 habitant,
532 612 561 672 in
576 612 700 673 totidem
717 629 748 674 se
765 613 871 691 figuras
884 612 1034 685 convertit,
1052 619 1081 673 et
1091 612 1182 674 modo

87 716 116 776 lit
129 715 212 776 aries,
241 714 335 793 itaque
354 712 487 792 quisquis
508 711 638 772 nascitur
657 710 705 770 illo
726 710 827 788 signo,
848 711 939 772 multa
959 730 1065 791 pecora
1086 710 1182 783 habet,
1251 741 1252 744 ¹

87 814 203 873 multum
218 811 312 885 lanae,
333 818 421 891 caput
439 819 589 890 praeterea
604 810 719 882 durum,
733 809 860 869 frontem
877 809 1099 889 mpudentem,
1116 827 1183 870 cor·

87 929 151 972 num
177 919 301 972 acutum.
339 909 456 990 plurimi
475 910 533 969 hoc
552 908 636 985 signo
659 907 803 968 scolastici
825 914 985 970 nascuntur
1006 917 1035 969 et
1054 899 1184 969 arietilli.³

61 1011 227 1072 claudamus
257 1009 449 1070 urbanitatem
479 1006 688 1080 mathematici3
720 1006 815 1085 itaque
844 1006 960 1068 adiecit:
987 999 1107 1068 ‘deinde
1135 1013 1184 1066 to-

87 1115 128 1168 tus
147 1109 238 1170 caelus
258 1107 390 1168 taurulus
410 1106 450 1166 nt.
481 1105 578 1184 itaque
599 1111 671 1166 tunc
691 1107 834 1168 calcitrosi
850 1114 1012 1168 nascuntur
1026 1114 1054 1167 et
1067 1104 1183 1168 bubulci

87 1215 112 1266 et
131 1206 175 1284 qui
197 1225 228 1266 se
247 1204 305 1284 ipsi
320 1212 452 1285 pascunt.
483 1204 513 1264 in
529 1205 651 1283 geminis
667 1213 763 1267 autem
779 1213 939 1267 nascuntur
953 1205 1036 1282 bigae
1051 1210 1080 1265 et
1093 1203 1183 1264 boves

88 1311 112 1364 et
129 1303 197 1364 colei
219 1303 311 1384 etqui
331 1311 472 1381 utrosque
493 1304 617 1382 parietes
638 1305 740 1366 linunt.
770 1303 800 1364 in
816 1320 920 1365 cancro
937 1322 991 1381 ego
1006 1308 1092 1363 natus
1107 1320 1183 1363 sum.
1212 1323 1216 1330 ·

88 1403 144 1462 ideo
159 1402 255 1463 multis
271 1401 396 1481 pedibus
418 1409 464 1462 sto
487 1409 515 1462 et
530 1402 560 1462 in
575 1402 649 1463 mari
665 1409 693 1463 et
707 1403 735 1462 in
752 1409 828 1464 terra
845 1403 934 1465 multa
949 1401 1101 1482 possidc03
1116 1420 1185 1462 nam

51 1507 74 1556 to
90 1518 182 1562 cancer
197 1509 225 1562 et
238 1502 298 1562 boc
313 1508 342 1561 et
355 1501 421 1561 illoc
436 1501 565 1580 quadrat.
596 1508 625 1562 et
639 1501 703 1562 ideo
720 1502 776 1562 iam
793 1502 903 1565 dudum
919 1501 992 1562 nihil
1003 1519 1091 1580 super
1102 1500 1183 1562 illum

89 1599 179 1676 posui,
200 1618 236 1660 ne
255 1601 385 1678 genesim
403 1619 498 1662 meam
515 1619 688 1680 premerem.
716 1601 744 1661 in
765 1601 849 1662 leone
870 1601 1042 1679 cataphagae
1057 1617 1185 1660 nascun-

89 1703 131 1756 tur
143 1705 171 1768 01
185 1697 351 1777 imperiosi;
373 1699 401 1760 in
418 1698 528 1776 virgine
543 1700 680 1761 mulieres
698 1707 727 1759 et
740 1699 852 1778 fugitivi
868 1708 896 1761 et
912 1698 1084 1779 compediti3
1103 1699 1134 1759 in
1148 1699 1184 1758 li-

89 1793 133 1856 hra
146 1796 274 1858 laniones
292 1803 321 1858 et
336 1796 517 1875 unguentarii
534 1805 562 1858 et
575 1799 740 1877 quicunque
752 1797 858 1876 aliquid
870 1798 1040 1878 expediunt3
1056 1797 1085 1857 in
1101 1815 1184 1857 scor-

90 1892 166 1970 pione
184 1895 331 1958 venenarii
348 1903 377 1958 et
391 1915 599 1977 percussorem
619 1896 650 1957 in
665 1895 814 1973 sagittario
831 1895 1000 1969 strabones,
1024 1895 1071 1975 qui
1087 1895 1185 1956 holera

53 1999 77 2048 15
93 1998 228 2068 spectant,
255 1995 370 2056 lardum
390 1994 509 2068 tollunt3
535 1996 566 2056 in
586 1994 757 2075 capricorno
781 1994 962 2068 aerumnosi,
991 1994 1095 2074 quibus
1116 2011 1186 2073 prae

91 2090 154 2152 mala
173 2110 224 2154 sua
245 2112 358 2156 cornua
377 2102 553 2169 nascuntur3
573 2095 603 2156 in
622 2094 743 2174 aquario
766 2111 897 2173 copones
913 2101 942 2154 et
956 2091 1136 2166 cucurbitam
1156 2091 1186 2152 in

91 2188 206 2265 piscihus
228 2192 424 2252 obsonatores
445 2199 474 2252 et
488 2192 629 2253 rhetores,
660 2194 702 2254 sic
717 2192 797 2254 orbis
812 2191 934 2252 vertitur
947 2199 1085 2271 tanquam
1101 2191 1187 2264 mola,

91 2297 114 2348 et
127 2307 239 2371 semper
253 2289 362 2369 aliquid
377 2289 445 2350 mali
458 2291 539 2365 lacit,
554 2299 587 2353 ut
601 2277 737 2352 homines
753 2299 803 2352 aut
817 2297 976 2352 nascautur
991 2298 1040 2353 aut
1054 2296 1184 2369 pereant.

92 2389 160 2464 quod
179 2398 274 2452 autem
297 2389 327 2449 in
348 2389 444 2450 medio
466 2390 624 2470 caespitem
641 2390 742 2451 videtis
759 2397 786 2450 et
802 2408 890 2469 supra
906 2389 1063 2469 caespitem
1078 2388 1185 2461 favum,

54 2491 78 2541 to
92 2486 155 2548 nihil
174 2489 234 2552 sine
253 2487 370 2550 ratione
384 2488 470 2549 lario.
501 2498 577 2552 terra
593 2497 686 2552 mater
701 2487 790 2550 estin
805 2488 901 2548 medio
917 2488 1000 2567 quasi
1016 2504 1103 2548 ovum
1119 2504 1185 2548 cor-

91 2587 243 2661 0001ῃά010,
259 2595 290 2648 01
304 2586 402 2648 omnia
418 2586 495 2649 bona
510 2587 539 2647 in
555 2605 587 2646 se
601 2571 691 2647 habet*
702 2595 839 2668 tanquam
854 2576 958 2647 levus?

163 2677 306 2765 ‘sophos’
318 2685 446 2746 universi
466 2684 624 2746 clamamus
645 2692 674 2744 et
694 2685 813 2746 sublatis
834 2683 968 2744 manibus
991 2683 1025 2743 ad
1042 2699 1187 2742 camaram
1202 2682 1242 2742 40

93 2779 208 2844 iuramus
230 2784 431 2865 Hipparchum
454 2785 633 2862 Aratumque
660 2783 875 2862 comparandos
900 2783 939 2843 illi
965 2781 1099 2842 homines
1126 2799 1187 2841 non

10 2919 12 2922 -
92 2877 180 2954 luisse,
200 2881 296 2943 donec
312 2883 490 2945 advenerunt
505 2881 630 2942 ministri
648 2900 680 2943 ac
694 2881 796 2942 toralia
812 2887 1045 2961 praeposuerunt
1058 2878 1141 2954 toris,
1157 2878 1187 2939 in

95 3053 214 3065 Δ-κ.·-...-.
221 3061 340 3069 ηρ...-
352 3061 381 3066 -..

93 3143 150 3193 xime
164 3149 306 3212 proposuit.
344 3149 427 3198 statim
446 3149 467 3195 ei
486 3148 553 3196 dabit
571 3145 705 3208 Reislciru,
732 3148 823 3195 iustam
842 3147 967 3196 exhibebit
986 3145 1132 3208 Iacobaiua,
1152 3153 1188 3194 ta-

92 3213 134 3262 lcrn
150 3218 233 3268 habuit
251 3219 382 3271 Stndcrua
396 3236 425 3283 p.
447 3222 478 3267 11
604 3219 701 3281 praxim
726 3226 749 3266 et
771 3218 799 3266 in
823 3217 939 3282 margine
963 3219 1133 3281 operationem
1151 3216 1187 3266 H.

94 3283 249 3351 interpretare
264 3285 343 3340 ‘sicut
359 3290 425 3341 illud
436 3289 569 3354 ferculum
587 3289 639 3338 iona
658 3281 864 3341 dentonetraur't'.
901 3291 1046 3353 paradigma
1059 3287 1187 3352 neurim,

93 3359 198 3418 apodixin
217 3362 351 3414 Iaculantur
459 3363 541 3411 caelus
559 3361 595 3410 sic
614 3361 648 3423 H,
667 3361 727 3410 item
744 3379 770 3412 u,
791 3364 805 3409 d

156 3434 169 3481 2
187 3449 293 3497 peccora
312 3434 341 3483 Η
472 3436 486 3481 3
506 3433 685 3496 expuduratam
703 3432 737 3481 H
866 3434 882 3479 4
900 3431 994 3479 arietilli
1012 3429 1148 3479 Beineeiuc
1166 3436 1189 3478 et

94 3497 219 3554 Ileiaar'ua:
243 3508 314 3555 arieti
336 3506 369 3555 illi
388 3504 422 3553 Η.
460 3505 579 3566 aretalogi
603 3503 738 3565 Reialcius,
764 3504 859 3552 arictes.
880 3503 1047 3550 collaudamus
1066 3499 1189 3550 Munclce-

94 3585 133 3618 0οε
241 3579 272 3627 10
296 3594 371 3642 supra
394 3575 427 3625 H
446 3593 464 3624 a
487 3575 621 3625 Burrieno
645 3567 750 3624 collatae
871 3575 901 3621 11
928 3574 1033 3636 genisim
1055 3572 1096 3635 Η,
1120 3571 1189 3622 idem

333 3675 341 3702 l
503 3694 506 3698 ι
1240 3701 1244 3705 .

96 3710 118 3759 iu
144 3718 254 3782 margine
277 3721 387 3785 genesim
412 3725 435 3769 et
454 3734 505 3782 pro
526 3717 611 3782 plocen
634 3717 823 3768 insanitatem
949 3717 1082 3779 cataphagi
1101 3712 1189 3779 Sabas·
1217 3763 1220 3772 ,

94 3781 156 3836 ferna
275 3794 305 3839 12
331 3791 454 3840 mulierosi
478 3789 534 3840 Iao.
560 3788 706 3838 Groaour'us
834 3789 864 3836 13
891 3789 1036 3851 expendunt
1059 3787 1190 3837 Burman-

94 3869 136 3903 11111
240 3865 272 3909 14
292 3861 449 3925 segitarioH
556 3862 586 3908 15
601 3857 798 3922 capricornioH
905 3858 1087 3922 erumpnosiH

95 3931 213 3990 atquibus
232 3933 333 3986 conieci.
370 3932 512 3998 significari
530 3931 709 3981 adulterarum
727 3931 845 3996 coniuges
858 3929 981 3981 uidentur
1080 3930 1191 3994 premale

96 3994 125 4048 H.
154 4003 285 4068 uulgarem
302 4020 441 4054 sermonem
460 4004 565 4070 opnorrit
583 4002 708 4052 Heinsius
801 4007 830 4051 17
852 4007 963 4052 rethores
976 4001 1009 4051 H
1096 4002 1127 4049 18
1147 4002 1190 4049 eli·

96 4070 146 4127 quid
164 4077 268 4124 anomali
282 4076 406 4126 Heinsius
499 4078 529 4124 19
549 4075 669 4124 uidebatis
688 4090 757 4137 cusp.
770 4073 895 4123 Heinsius
993 4089 1067 4137 supra
1085 4071 1190 4136 scripsi:

96 4151 161 4219 lupeg
178 4144 210 4194 H
329 4151 362 4197 20
382 4149 454 4211 facio,
474 4148 611 4196 umefacto
632 4145 707 4194 edam
726 4146 759 4194 H
773 4153 830 4196 teate
849 4145 982 4195 Burrieno
1108 4147 1139 4192 22
1160 4133 1191 4197 ὦς

97 4217 170 4274 What
187 4215 318 4268 Iocodar'ue
391 4218 395 4223 ’
435 4222 467 4268 23
487 4220 583 4268 homini
603 4217 726 4267 Heinsius
847 4221 880 4266 24
899 4225 959 4266 ante
977 4219 1056 4266 donec
1075 4214 1130 4263 olio
1143 4227 1190 4275 pe-

97 4279 162 4332 rina
184 4289 310 4352 auspicor:
334 4291 416 4340 fnisse.
437 4293 523 4342 donee.
544 4291 698 4339 aduenerant
717 4289 749 4338 H
852 4290 938 4337 tola'ria
957 4287 991 4337 H
993 4325 999 4350 ‚
1025 4301 1070 4335 ern.
1094 4282 1189 4334 naeuo-
