3022 4956
575 448 717 503 surinus
1135 451 1195 515 109

56 614 74 665 t
144 604 155 691 ΙΙ
172 653 179 668 .
194 652 201 666 .
215 651 223 668 .
237 625 272 666 ex
287 606 321 682 is,
337 607 386 686 qui
402 605 431 666 in
447 603 609 685 porticibus
627 603 832 683 spatiabantur,
847 604 957 684 lapides
973 604 1003 664 in
1015 605 1195 685 Eumolpum
1210 607 1250 670 90

90 705 261 768 recitantem
276 705 429 765 miserunt.
460 703 558 775 atille,
575 701 624 781 qui
639 700 773 781 plausum
790 702 897 781 ingenii
913 701 959 764 sui
975 710 1107 777 noverat,
1122 722 1195 784 ope-

89 804 144 865 mit
163 809 256 884 caput
274 809 412 882 extraque
431 800 574 880 templum
595 799 735 880 profugit.
764 801 849 862 timui
869 819 936 880 ego,
957 818 994 862 ne
1015 820 1062 862 me
1078 808 1195 882 poetam

90 910 212 964 vocaret.
243 901 341 980 itaque
352 900 528 963 subsecutus
538 898 698 978 lugientem
711 899 746 960 ad
758 899 827 961 litus
839 900 967 979 perveni,
983 907 1012 960 et
1022 906 1055 961 ut
1066 900 1196 979 primurn

63 1008 166 1062 cerua
187 1000 240 1063 teli
261 1001 428 1062 coniectum
449 997 531 1058 licuit
549 997 725 1070 consistere,
737 987 841 1084 ‘rogo'
855 999 973 1078 inquam
985 990 1071 1077 ‘quid
1086 998 1139 1060 tibi
1155 998 1196 1059 vis

90 1118 152 1160 curn
173 1099 234 1160 isto
255 1094 387 1159 morbo?
416 1095 516 1157 minus
536 1113 622 1176 quam
643 1093 755 1158 duabus
775 1095 857 1156 horis
877 1115 994 1158 mecum
1009 1097 1151 1170 moraris,
1168 1103 1198 1156 et

90 1198 202 1277 saepius
225 1197 342 1277 poetice
363 1215 449 1275 quam
470 1194 597 1256 humane
612 1193 727 1256 locutus
742 1213 784 1255 es.
813 1195 910 1274 itaque
925 1212 986 1256 ncn
1001 1195 1108 1270 miror,
1128 1195 1153 1257 si
1168 1202 1197 1257 te

89 1296 216 1376 populus
232 1294 379 1376 lapidibus
395 1293 588 1372 persequitur.
618 1311 672 1371 ego
684 1309 803 1372 quoque
814 1294 910 1355 sinum
923 1311 1022 1355 meum
1034 1293 1111 1356 saxis
1123 1311 1197 1355 one

89 1394 167 1468 rabo,
183 1401 218 1456 ut
234 1393 469 1474 quotiescunque
484 1379 617 1471 coeperis
633 1409 648 1451 a
663 1396 692 1451 te
706 1389 796 1465 exire,
813 1393 984 1471 sanguinem
1005 1392 1057 1453 tibi
1073 1410 1088 1453 a
1104 1391 1197 1471 capite

52 1503 77 1555 lu
93 1484 223 1554 mittam'.
256 1494 349 1554 morit
367 1491 414 1551 ille
428 1490 539 1552 vultum
554 1496 584 1550 et
594 1481 629 1550 ‘n
645 1479 699 1550 mi'
714 1490 809 1569 inquit
819 1482 1016 1566 ‘adnleseens‚
1031 1509 1094 1554 non
1108 1491 1197 1554 hodie

91 1592 219 1671 primum
235 1591 405 1670 auspicatus
421 1607 496 1650 sum.
527 1587 619 1650 immo
635 1586 749 1667 quoties
764 1587 919 1661 theatrum,
936 1598 969 1651 ut
982 1589 1132 1652 recitarem
1145 1588 1198 1651 ali-

93 1690 171 1770 quid,
188 1689 312 1767 intravi,
329 1689 383 1750 hac
397 1706 445 1749 me
460 1685 618 1749 adventicia
633 1686 766 1765 excipere
780 1687 939 1766 frequentia
955 1689 1037 1750 solet.
1068 1695 1197 1750 ceterum

93 1807 127 1849 ne
138 1790 183 1867 [et]
198 1798 299 1852 tecum
315 1805 432 1867 quoque
443 1785 565 1847 babeam
577 1785 741 1858 rixandum,
756 1791 820 1847 toto
832 1785 936 1845 diemo
949 1786 984 1847 ab
996 1787 1055 1847 boc
1066 1787 1130 1847 cibo
1143 1785 1197 1848 ab·

94 1877 226 1950 stinebo.'
253 1877 377 1948 ‘immo'
391 1885 512 1965 inquam
528 1902 582 1963 ego
594 1876 637 1945 ‘si
652 1884 746 1946 eiuras
762 1883 935 1946 hodiernam
952 1883 1053 1958 bilem,
1074 1901 1135 1946 una
1149 1903 1197 1945 ce-

55 1998 79 2048 lt
94 1977 242 2049 nabimus’

632 2079 653 2119 u·

173 2157 284 2220 mando
300 2155 497 2218 aedicularum
512 2152 628 2216 custodi
643 2154 762 2217 cenulae
778 2154 907 2216 officium

632 2261 654 2302 u

110 2391 112 2402 .
173 2341 259 2402 video
276 2339 381 2402 Gitona
396 2355 463 2400 cum
473 2337 570 2400 linteis
581 2343 610 2399 et
621 2336 778 2416 strigilibus
789 2338 891 2417 parieti
904 2338 1071 2420 applicitum
1084 2339 1198 2400 tristem
1213 2329 1252 2391 91

95 2439 320 2518 confusumque.
350 2437 450 2512 scires,
465 2454 526 2499 non
541 2436 664 2498 libenter
675 2435 793 2496 servire.
816 2435 912 2516 itaque
924 2443 957 2498 ut
968 2437 1199 2516 experimentum

96 2538 247 2600 oculorum
268 2553 402 2616 caperem
419 2580 509 2598 .....
524 2535 666 2598 convertit
685 2533 731 2596 ille
751 2532 881 2595 solutum
901 2535 1005 2612 gaudio
1031 2534 1144 2595 vultum
1170 2540 1200 2594 et

54 2643 82 2694 tt
93 2626 259 2700 ‘miserere'
279 2624 500 2715 inquit‘lrater.
529 2632 579 2696 ubi
594 2651 675 2696 arum
689 2649 751 2694 non
767 2638 851 2704 sunt,
874 2631 962 2694 libere
976 2632 1091 2712 loquor.
1120 2632 1200 2711 cripe

96 2881 206 2947 ADFG,
226 2897 316 2931 auarus
337 2879 364 2945 d,
383 2895 471 2931 encres
489 2880 522 2944 L,
542 2881 642 2931 marrus
661 2879 687 2932 P
792 2882 825 2929 22
845 2885 964 2930 contrane
981 2877 1117 2929 Iacodsius

96 2955 177 3004 trohss
199 2952 228 3016 Ο,
246 2955 322 3004 troim
340 2954 372 3016 P,
391 2955 495 3004 Troiam
513 2953 550 3002 Lt
682 2953 759 3002 Troia
777 2953 878 3002 inuocat
896 2967 967 3002 sacra
985 2950 1028 3015 Lt,
1047 2951 1107 3002 item
1124 2965 1136 3000 s
1155 2949 1201 3015 qui

97 3039 149 3074 mm
166 3025 247 3075 Far>
261 3026 380 3075 innocent
398 3023 472 3075 babet
578 3030 648 3090 troya
668 3022 697 3072 F
799 3038 868 3074 sacre
889 3021 913 3073 0
1023 3038 1109 3073 uersus
1127 3023 1200 3072 LXV

97 3095 265 3162 subscriptum
287 3097 313 3144 A
446 3103 497 3146 tres
521 3094 655 3144 asteriscos
678 3095 801 3158 supponit
824 3101 847 3159 t,
872 3094 972 3144 nudum
996 3094 1021 3144 L
1027 3113 1037 3155 ,-
1059 3093 1202 3159 praeponit

97 3182 172 3218 mmm
196 3166 406 3232 subsequentibus
424 3183 455 3232 p.
496 3166 645 3217 nunnioni
666 3165 733 3216 nibil
759 3165 839 3230 deest,
870 3166 1041 3218 enuntiationi
1067 3166 1202 3218 minimum

99 3240 195 3302 quidum
215 3247 262 3289 aut
278 3255 329 3288 non
348 3241 416 3290 nulli.
458 3237 569 3289 Weblius
582 3253 613 3303 p.
626 3239 661 3288 43
681 3239 799 3302 eccequi

166 3312 231 3361 liis
249 3309 283 3374 L,
301 3311 341 3359 his
354 3317 389 3374 pt
487 3309 583 3376 fuerat
600 3309 653 3372 quis
671 3308 737 3358 inL
844 3312 979 3359 inecaret
997 3309 1064 3374 Lpt:
1083 3313 1201 3357 uocarent

97 3395 181 3448 maroc
200 3390 217 3434 t.
253 3383 279 3431 in
305 3397 345 3432 mc
368 3397 465 3445 qnoque
489 3381 628 3431 inuolcrcnt
652 3377 794 3432 Iacodsius.
831 3379 915 3431 timuit
936 3377 979 3430 iile
1002 3395 1034 3429 ne
1059 3377 1202 3441 Eumolpus

96 3453 248 3515 presedissem
273 3451 391 3517 aptatum
415 3453 559 3503 euitaturus
581 3451 717 3502 recitatum
735 3467 839 3502 carneen
856 3468 908 3501 non
925 3467 999 3500 suum
1017 3447 1063 3498 scd
1080 3447 1202 3512 Eneoipii

99 3538 146 3574 csse
168 3523 309 3578 simuiaret.
346 3530 457 3574 cetencm
479 3524 542 3574 baec
564 3539 664 3590 quoquc
687 3530 822 3586 excerptor
845 3529 875 3570 ut
897 3521 991 3572 sciebat
1014 3519 1202 3571 circumcidisse

98 3595 202 3648 uidetur
309 3597 498 3660 Sprosequitur
511 3604 545 3660 pt
652 3598 666 3645 9
687 3611 701 3646 o
720 3597 801 3659 eapite
819 3591 991 3643 Memmianus
1100 3594 1131 3640 11
1150 3592 1201 3640 imo

99 3663 121 3714 L
254 3667 356 3718 recitem
369 3674 410 3732 pt,
429 3684 481 3717 nan
502 3665 529 3716 T
651 3668 681 3715 12
701 3667 778 3730 effugi
795 3657 922 3714 inticuiL
1028 3665 1077 3714 lise
1096 3663 1203 3713 Deuca:

99 3770 138 3821 hic
149 3774 182 3836 L,
201 3775 265 3822 haec
276 3780 317 3837 pt.
342 3773 377 3822 sic
390 3771 503 3822 Iahnius
592 3773 727 3821 mauritius
738 3771 798 3822 libri
888 3772 1001 3835 excipere
1013 3787 1078 3821 corr.
1093 3786 1125 3821 eu
1137 3773 1203 3821 exci-

100 3844 188 3904 gereL
267 3843 336 3893 nmio
348 3845 443 3894 solebat
527 3841 745 3893 lectisternium
819 3843 900 3892 rixam
910 3841 1060 3893 Richardus
1072 3844 1132 3892 dum
1144 3849 1203 3892 unte

100 3917 187 3966 mendo
199 3915 229 3965 in
241 3931 267 3968 u.
281 3918 311 3964 16
325 3914 451 3964 collocans
541 3913 578 3964 sic
588 3913 775 3979 interpunqunt
786 3913 853 3976 iibri,
862 3922 924 3977 post
934 3916 973 3965 die
985 3914 1114 3964 Antonius

103 3985 132 4033 14
149 3989 199 4036 imo
218 3987 251 4040 L.
287 3987 341 4035 iuro
359 3985 531 4036 Memmianus
548 3983 618 4035 unde
635 3986 686 4033 imo
705 3987 759 4034 iuro
776 3985 873 4034 Dureau
882 3984 908 4050 f.
1035 4001 1082 4050 ego
1100 3987 1203 4049 inquam

101 4057 243 4123 transponit
259 4057 285 4106 L
410 4072 482 4107 curas
502 4064 512 4105 t
637 4057 669 4104 15
689 4054 740 4104 duc
759 4063 805 4104 aut
823 4071 890 4106 unus
908 4063 956 4106 aut
972 4064 1024 4108 tres
1041 4056 1157 4106 asterisci
1174 4056 1204 4106 in

102 4125 151 4192 Lpt
257 4131 289 4178 16
310 4125 362 4178 duo
380 4127 496 4178 asterisci
514 4143 571 4178 cum
588 4125 786 4190 maioreapatio
804 4125 924 4178 inlibris
1042 4131 1072 4177 ll
1093 4129 1203 4179 Gnitone

102 4195 125 4246 L
232 4202 263 4250 18
283 4199 368 4263 scires]
388 4198 458 4250 deest
475 4215 532 4251 eum
654 4199 685 4248 19
705 4197 858 4250 intercidere
868 4198 930 4266 fere
948 4199 1024 4251 baec:
1041 4201 1142 4264 propius
1161 4213 1202 4246 sc·

103 4272 161 4321 cessi
178 4279 203 4323 et
220 4273 335 4322 intuebor
351 4285 458 4336 puerum
