3008 4962
563 461 706 513 sarman
1147 465 1185 526 15
1225 487 1227 491 -

58 616 238 695 Lageudum,
253 616 303 678 sed
319 615 404 696 plane
419 615 481 677 iure
497 615 570 677 cirili
585 615 792 691 dimicandum,
808 624 842 678 ut
854 616 879 677 si
890 615 1111 680 nolletalienam
1122 603 1186 680 rem

87 714 203 775 domino
224 715 360 788 reddere,
384 714 419 776 ad
440 713 624 776 interdictum
640 713 759 776 veniret.
789 720 890 776 eontra
904 713 1036 793 Ascyltos
1051 715 1131 794 leges
1146 714 1186 776 ti·
1205 710 1243 770 14

86 813 180 876 mebat
194 822 222 875 et
233 803 320 892 ‘quis'
335 811 428 874 aiebat
438 803 514 874 ‘hoe
527 812 591 874 loen
607 830 663 873 uos
678 811 774 886 novit,
789 819 839 873 aut
854 811 919 892 quis
934 810 1051 873 habebit
1064 812 1186 874 dicenti-

86 911 137 972 bus
158 911 269 974 fidem?
290 912 362 973 mihi
381 912 468 990 plane
488 910 580 991 placet
599 927 709 984 emere,
729 909 859 989 quamvis
880 901 1019 971 uestrum
1036 910 1086 985 sit,
1107 910 1187 990 qued

60 1010 283 1088 aegrescimus,
302 1016 330 1070 et
349 1027 438 1088 parve
459 1027 525 1070 aere
545 1025 719 1088 recuperare
737 1007 836 1088 potius
850 1009 1037 1083 thesaurum,
1055 1026 1142 1088 quam
1157 1009 1187 1069 in

88 1107 248 1185 ambiguam
262 1105 342 1166 litem
358 1106 550 1168 descendere:

46 1214 82 1266 Lo
197 1202 209 1288 ΙΙ
226 1204 295 1284 quid
310 1204 418 1266 faciant
431 1207 523 1284 leges,
540 1204 592 1267 ubi
608 1205 669 1265 sola
683 1204 806 1283 pecunia
821 1197 935 1285 regnat,

268 1310 317 1364 aut
330 1302 381 1363 ubi
395 1309 552 1382 paupertas
567 1301 681 1363 vincere
696 1303 774 1365 nulla
788 1302 909 1385 potest?

220 1399 282 1480 >ipsi
298 1399 346 1478 qui
363 1399 467 1479 Cynica
482 1401 640 1462 traducunt
654 1408 787 1481 tempera
803 1421 887 1482 pera,

49 1505 74 1554 10
268 1516 328 1558 non
343 1515 504 1578 numquam
519 1499 647 1560 nummis
663 1500 789 1561 vendere
803 1521 868 1562 vera
884 1501 987 1562 solent.

224 1613 294 1675 crgo
311 1596 448 1657 iudicium
464 1596 535 1656 nihil
551 1604 596 1657 est
610 1597 665 1657 nisi
680 1597 795 1676 publica
811 1615 938 1668 mercae,
1087 1613 1102 1661 5

268 1701 354 1773 atque
370 1711 460 1773 eques
475 1694 505 1755 iu
522 1711 608 1756 eausa
620 1693 675 1773 ·qui
691 1696 784 1785 sedet,
800 1702 898 1775 empta
912 1688 1035 1775 prohat?

92 1833 384 1841 —----0--..---—--..

142 1889 168 1934 '2
183 1888 284 1936 domiuo
308 1893 368 1936 oute
390 1893 494 1936 uersum
519 1903 536 1936 o
558 1887 660 1936 reddere
678 1886 841 1951 a'uea'pa'euteu
859 1885 973 1951 positum
995 1886 1024 1936 s'u
1042 1886 1080 1944 L;
1105 1901 1152 1938 oua.
1172 1892 1188 1950 t,

90 1973 137 2006 usu
158 1957 181 2006 T
285 1958 353 2007 iuter
371 1959 465 2008 ueniret
484 1964 508 2006 et
525 1966 610 2008 contra
627 1957 687 2008 utu
706 1973 809 2008 eoruseu
820 1959 972 2023 proximum
983 1958 1101 2008 iuseruut
1113 1974 1130 2006 u
1145 1973 1190 2007 uo·

92 2026 124 2075 bis
144 2029 172 2078 iu
194 2028 345 2093 infertorem
370 2029 451 2078 locum
476 2029 635 2081 trouslotuus.
674 2030 763 2079 sim-ilis
787 2030 841 2078 dom
859 2028 970 2080 Autous'o
989 2045 1076 2079 seusus
1087 2028 1189 2094 suerat.

91 2099 190 2148 suadem
208 2117 268 2150 auus
285 2100 357 2150 libris
370 2099 486 2150 ordinem
498 2107 619 2150 seermtur
633 2099 780 2151 Va'uceuts‘us
793 2101 959 2151 Beluuoeuu's
971 2116 1037 2166 spec.
1051 2100 1108 2152 lu'at.
1120 2099 1193 2149 XXI
1279 2165 1281 2169 Ι

91 2173 120 2218 25
138 2180 161 2220 et
170 2172 329 2238 florileqa'um
347 2170 498 2220 Pou‘sa'uum
623 2175 640 2221 4
658 2174 762 2235 quanuis
780 2172 806 2222 L
923 2174 937 2221 5
957 2174 1032 2222 tucius
1056 2179 1094 2222 est
1111 2187 1189 2236 paruo

92 2257 142 2290 aere
164 2259 216 2292 rem
240 2244 364 2308 perditam
388 2258 532 2306 recuperare
555 2251 631 2306 quam
654 2245 680 2294 iu
704 2244 846 2307 ambiguam
863 2245 932 2294 litem
950 2245 1098 2294 descendere
1117 2242 1191 2309 adfe-

92 2321 147 2362 ruut
168 2313 318 2364 Viuoeuts'us
336 2313 411 2366 Belu.
430 2313 447 2364 l.
468 2329 487 2362 a.
507 2321 532 2362 et
548 2315 714 2380 florileya‘uua,
742 2317 817 2363 tutius
836 2322 873 2364 est
891 2331 968 2379 paruo
988 2331 1045 2365 aere
1063 2330 1117 2364 rem
1134 2329 1190 2378 per-

92 2386 161 2433 ditem
177 2401 325 2450 recuperare
343 2401 418 2448 quam
435 2387 473 2434 ius
491 2387 622 2450 ambiguae
640 2388 758 2450 praebere
775 2387 811 2434 liti
823 2385 935 2436 Iacobus
946 2385 1039 2452 Maeui
1057 2385 1086 2434 e'u
1097 2385 1190 2449 Zopdu'·

92 2454 150 2519 loqie
173 2456 226 2506 1⁷5
347 2451 428 2520 pdtiua
446 2451 592 2520 recdpcrsre
609 2457 636 2505 'L
755 2460 769 2507 6
784 2464 846 2521 post
870 2459 1018 2507 descendere
1035 2457 1064 2506 iu
1082 2457 1107 2504 L
1124 2457 1191 2506 uote's

93 2527 238 2589 quidusdam
257 2525 373 2593 Seoliqer
392 2527 584 2592 truuapoueudo
602 2543 654 2577 esse
671 2527 801 2577 iudicauit
817 2542 884 2591 quoe
903 2526 975 2577 breui
988 2535 1050 2592 post
1061 2527 1071 2593 (
1072 2543 1102 2592 p.
1114 2530 1155 2591 16,
1163 2526 1190 2592 2)

92 2598 181 2662 seruato
198 2607 261 2650 suut
276 2600 498 2648 ne-discederet
588 2604 601 2648 t
621 2599 714 2664 legitur
732 2598 779 2649 hoe
797 2613 900 2648 eumaem
917 2599 946 2648 iu
964 2597 1050 2648 codice
1068 2595 1192 2648 Ledeue-i
1235 2627 1238 2632 ·

97 2666 213 2720 Vossiouo
231 2671 354 2736 (cotoloqi
363 2669 414 2735 fol.
428 2668 493 2734 0511)
512 2669 541 2718 a'u
551 2668 620 2734 folio
630 2671 663 2719 38
676 2669 712 2719 ss'e
724 2669 876 2734 iusso-iprum
888 2670 981 2719 Versus
993 2669 1103 2719 Petronii

94 2740 177 2790 faciant
188 2743 271 2808 Bpst:
290 2743 384 2791 faciunt
395 2739 626 2790 AODEFGLPT
633 2741 828 2790 Laurentinum
846 2738 992 2803 Vossianus,
1006 2738 1116 2804 deuique
1131 2738 1192 2790 Viu-

92 2813 178 2862 ceuta'ua
196 2814 212 2867 t.
230 2830 253 2866 s.
272 2820 297 2863 et
313 2820 447 2877 excerptor
466 2812 604 2862 Parisinus
629 2812 675 2877 qus'
697 2827 788 2862 uersus
808 2815 821 2862 1
842 2815 859 2862 2
877 2815 893 2862 5
913 2811 1105 2876 aucupemus
1198 2834 1201 2844 ·

91 2892 178 2946 pugnat
201 2883 350 2949 Vosaa‘uuus,
366 2876 412 2936 ‘od
431 2891 527 2948 pugnat
545 2901 567 2936 c.
587 2874 617 2934 c.'
638 2900 727 2948 moryo
739 2882 764 2933 L
873 2885 888 2934 8
908 2890 981 2948 atquc
1000 2885 1041 2933 ubi
1059 2883 1087 2932 E

92 2954 167 3004 uiuere
183 2956 238 3007 Au
262 2964 287 3005 et
308 2957 337 3006 iu
360 2955 476 3021 morqa'ue
500 2956 527 3005 D
545 2955 742 3006 Loureutiouus
867 2957 935 3006 nuda
952 2953 1033 3006 ΒΜ*
1052 2953 1191 3006 Vosaieuus

94 3023 133 3072 sed
149 3030 213 3078 nulla
233 3044 325 3093 morqo
343 3029 376 3077 L.
413 3029 481 3076 haud
499 3029 532 3077 ibi
550 3034 575 3076 et
591 3029 658 3076 nuda
676 3026 801 3077 Heinsius
925 3029 939 3076 9
960 3028 1040 3077 ciuica
1057 3025 1112 3077 AF
1130 3026 1191 3078 Vos-

92 3095 180 3148 sa'ouus.
216 3100 305 3166 cynico
332 3097 467 3149 Ioeobaa'us
599 3114 660 3162 pera
685 3096 824 3148 Heinsius:
857 3113 914 3148 cera
939 3097 1018 3148 BLP
1043 3096 1191 3163 Vossianus,

96 3181 161 3217 caera
178 3177 198 3232 t,
222 3186 287 3220 cena
305 3170 347 3220 uel
364 3185 443 3220 coena
461 3169 552 3230 ceteri;
573 3158 618 3219 ‘od
639 3187 659 3222 e.
678 3185 757 3220 coena
775 3169 808 3222 ol.
828 3185 883 3220 aera
901 3171 949 3220 als.
969 3163 1038 3220 uera’
1059 3187 1149 3236 morqo
1168 3171 1193 3220 L

96 3236 120 3285 iu
141 3256 188 3304 quo
205 3248 345 3305 praetereo
368 3257 423 3292 scra
445 3240 569 3308 uocabulo
591 3248 659 3290 aecta
677 3240 826 3306 subscripsit
842 3239 967 3307 Soudiqeo.
1004 3257 1083 3292 coeno
1102 3240 1193 3292 Ioeod-

97 3307 144 3358 sices
248 3328 393 3376 numquam,
410 3329 462 3362 uou
480 3327 608 3375 nunquam
626 3311 692 3374 ΒΕ·
711 3328 811 3376 nanque
824 3313 857 3376 A,
876 3329 986 3377 unquam
999 3313 1024 3361 L
1122 3329 1193 3362 uum-

97 3381 145 3444 miis
158 3382 188 3447 G,
206 3385 316 3433 muueris
335 3383 360 3432 P
449 3386 556 3434 uendere
569 3399 628 3432 uera
640 3386 719 3434 solent
737 3382 888 3433 Vossiouus:
906 3385 1014 3433 uendere
1026 3385 1103 3433 uerba
1114 3384 1194 3433 solent
1289 3419 1292 3423 -

94 3458 129 3514 pt,
146 3457 220 3503 uerba
239 3457 346 3505 uendere
364 3457 441 3505 uerba
459 3457 539 3506 solent
556 3456 589 3515 L,
609 3457 685 3506 uerba
703 3458 783 3516 selene
801 3471 883 3505 emere
902 3452 1117 3504 ABODEFePs
1136 3469 1195 3506 eum

98 3554 212 3609 Pousiuo
229 3563 299 3612 6842
318 3561 346 3609 D
365 3567 389 3610 et
406 3561 593 3614 Luuoeuta'ouo,
629 3563 683 3610 iura
700 3563 779 3610 solent
801 3576 883 3611 emere
904 3559 1014 3611 Orellius
1027 3563 1087 3626 m

100 3629 125 3674 ll
145 3632 213 3694 erge]
231 3633 282 3680 inm
300 3648 367 3680 nunc
385 3630 531 3682 Vduoeuta'us
549 3640 573 3682 et
583 3632 748 3698 floudleyium,
765 3623 809 3681 ‘ad
828 3634 878 3681 iam
894 3626 969 3682 nune’
982 3641 1095 3698 morqot

98 3699 287 3751 iudicium—12
307 3705 395 3766 probat
419 3721 471 3754 uou
488 3704 618 3754 uorus‘uato
637 3711 740 3754 auctore
758 3711 869 3768 suuopot
886 3703 999 3754 Ioouues
1017 3703 1195 3756 Soreaders'eu·

98 3769 128 3817 sia
145 3773 198 3835 pol.
223 3771 249 3822 V
268 3777 300 3823 15
320 3789 349 3838 p.
370 3776 421 3824 329
540 3791 635 3825 merces
659 3783 696 3825 est
717 3789 797 3824 merra
824 3775 856 3841 ef.
878 3775 1032 3826 Riteelsela'us
1055 3793 1119 3830 usus.
1142 3777 1194 3828 Ra.

98 3837 123 3888 X
127 3857 154 3904 p.
173 3846 233 3893 451.
269 3845 385 3894 imitatur
403 3845 552 3896 Petronium
571 3845 610 3898 Io.
629 3844 829 3896 saretrude-nata
847 3847 901 3911 pol.
920 3846 976 3897 III
993 3851 1026 3898 13
1039 3866 1070 3913 p.
1088 3851 1139 3898 205
1155 3842 1195 3914 ‘fi-

98 3909 131 3958 liu
140 3912 266 3966 decentior
272 3916 409 3980 -publs'co
420 3933 514 3967 meroes
527 3925 570 3980 est,
583 3918 699 3981 suposito
711 3917 815 3982 quidem
827 3918 850 3967 ss'
862 3927 997 3984 emptorem
1005 3915 1131 3970 suueuiot'

101 3981 128 4029 12
147 4000 235 4048 aeques
253 3987 278 4036 B
386 3989 470 4052 causa]
490 4005 548 4039 cera
565 3989 623 4052 LT,
638 3981 685 4042 ‘ud
704 4006 725 4041 o.
745 3985 842 4039 caussa
863 4007 952 4056 moryo
971 3992 996 4040 L
1117 3984 1195 4042 ‘alter

99 4067 127 4102 eu
144 4057 269 4108 ueteribus
286 4060 311 4107 in
331 4075 400 4122 cera,
422 4061 465 4123 qui
486 4062 575 4124 probat
594 4070 685 4124 empta,
705 4054 782 4110 sedet'
805 4060 938 4112 Puteeuus
956 4061 1113 4126 eundemque
1132 4063 1194 4113 seri-

96 4132 196 4185 ptwrom
207 4136 330 4179 memorat
337 4130 459 4182 Pithoeus
547 4140 630 4196 empta
639 4129 801 4181 ABeFeP:
814 4141 880 4183 emta
892 4151 950 4185 eum
961 4134 1067 4200 reliquia
1077 4135 1101 4183 L

100 4209 178 4248 uersus
197 4201 235 4250 Vl
252 4201 422 4267 subscriptum
433 4203 458 4252 A
553 4202 637 4254 deesse
650 4219 741 4268 pauco
754 4211 820 4269 puto
839 4205 931 4270 quibus
950 4205 1090 4257 couseute're
1102 4219 1128 4255 ae
1140 4204 1194 4254 Idu·

101 4266 191 4333 cetarius
208 4269 313 4326 diceret
460 4284 463 4290 ·
