3022 4956
312 427 354 494 00
787 421 944 480 cumcun

264 633 269 642 .
310 579 494 644 sdversarius
509 578 630 662 Ascylti,
646 577 727 642 llcxit
740 579 899 642 consitium
914 579 945 644 in
959 592 1082 659 numum
1097 571 1310 644 effluentem
1326 581 1442 662 inuans

305 671 410 740 ‘edam
428 677 577 751 ursides,
601 695 689 757 caepe
708 672 833 738 einata?
864 675 896 737 io
918 676 1096 751 Ssturnalia‚
1122 696 1210 759 rogo,
1236 681 1348 742 nensis
1365 679 1409 741 de-

311 775 427 840 cember
450 772 520 840 esti
553 774 671 856 quando
690 775 858 836 vicesimum
877 773 1061 837 numerasti?
1139 776 1209 855 quid
1229 776 1330 851 facist,
1350 797 1409 840 cru-

312 874 448 950 eissille,
467 891 623 938 corvorum
639 873 754 936 cibaris.
784 871 907 944 curabo,
922 871 980 933 isrn
996 873 1049 934 tibi
1062 873 1140 935 lovis
1155 875 1247 938 batus
1262 875 1311 948 sit,
1328 883 1355 937 et
1368 876 1408 936 isti

310 972 360 1054 qui
378 973 431 1038 tibi
451 991 514 1036 non
533 971 666 1053 imperat.
696 971 736 1033 ils
756 978 838 1034 setar
857 987 934 1050 pane
948 970 1032 1044 fiam,
1046 980 1080 1033 ut
1093 990 1148 1050 ego
1163 972 1241 1034 istud
1257 972 1435 1034 conlibertos

311 1089 377 1134 meo
403 1072 498 1146 dono;
521 1071 651 1152 alioquin
670 1070 728 1132 ism
747 1069 800 1131 tibi
820 1068 1087 1149 depraesentiarum
1104 1070 1313 1132 reddidissem.
1346 1071 1410 1132 bene

310 1187 368 1232 nos
383 1169 540 1244 habemus,
559 1178 589 1231 st
607 1169 673 1232 istic
690 1186 763 1247 euge
781 1166 831 1247 qni
850 1166 903 1229 tibi
917 1184 979 1229 non
993 1167 1126 1247 imperat
1157 1169 1242 1249 plane
1257 1169 1349 1249 qualis
1363 1170 1410 1230 dc

310 1267 420 1341 minus,
434 1267 500 1328 telis
514 1273 544 1328 et
557 1286 669 1330 servus.
697 1267 744 1329 vix
755 1284 803 1326 me
817 1271 912 1338 nnec,
929 1283 983 1326 nec
994 1284 1061 1327 sum
1073 1273 1177 1328 natura
1188 1265 1410 1338 caldicerebrius,

309 1375 351 1426 set
364 1383 431 1426 cum
447 1364 544 1444 coepi,
560 1373 683 1428 matrem
699 1383 795 1427 mecm
810 1363 953 1443 dupondii
968 1380 1030 1425 non
1042 1364 1131 1427 lucio.
1160 1371 1251 1438 recte,
1270 1363 1373 1425 videbo
1386 1369 1410 1424 le

309 1461 340 1523 in
354 1461 517 1542 publicum,
537 1481 619 1538 mus,
637 1463 729 1524 immo
751 1469 843 1524 terrae
862 1460 961 1534 tuber,
980 1479 1035 1524 nec
1053 1481 1172 1524 sursum
1191 1481 1247 1525 nec
1267 1461 1407 1524 deorsum.
1423 1472 1444 1522 ιο

309 1577 372 1622 non
393 1578 507 1635 cresco,
527 1561 585 1624 nisi
605 1559 863 1624 dominumtuum
883 1557 914 1618 in
934 1566 1018 1620 rutae
1035 1559 1139 1621 lolium
1158 1562 1237 1639 [non]
1254 1559 1408 1632 coniecere,

309 1675 365 1720 nec
384 1658 436 1720 tibi
459 1678 596 1740 persero,
622 1659 689 1722 licet
707 1656 887 1718 mehercules
906 1656 1005 1718 lovem
1026 1656 1192 1737 Olympium
1213 1659 1331 1720 clames.
1364 1677 1408 1720 cu—

309 1756 395 1832 rabo,
413 1758 500 1839 longe
518 1757 571 1820 tibi
590 1757 629 1820 sit
648 1755 764 1818 comula
771 1739 838 1818 *ists
852 1755 975 1818 bessslis
990 1763 1019 1817 et
1032 1755 1170 1816 dominus
1185 1756 1408 1836 duponduarius.

308 1863 402 1929 recte,
421 1856 519 1918 venies
534 1855 590 1920 sub
604 1855 738 1927 dentem3
755 1859 805 1914 aut
819 1871 873 1932 ego
888 1871 950 1915 non
965 1873 1013 1916 me
1026 1854 1109 1928 novi,
1124 1863 1251 1917 autnon
1266 1855 1409 1928 deridebis,

309 1953 376 2016 licet
388 1953 509 2016 barbsm
524 1970 643 2014 auream
657 1950 777 2014 habeas.
806 1951 918 2013 nnana
933 1952 985 2014 tibi
1000 1943 1072 2014 irsfi
1088 1952 1135 2026 sit,
1149 1953 1269 2027 curabo,
1285 1961 1315 2015 el
1328 1953 1407 2034 quite
1422 1965 1444 2014 lt

309 2053 424 2132 primus
440 2053 531 2114 deuro
547 2049 661 2112 defecit.
689 2067 752 2112 non
766 2049 852 2112 didici
867 2050 1058 2129 geometriae,
1074 2049 1172 2112 critica
1186 2058 1215 2112 et
1230 2053 1339 2132 alogius
1352 2071 1408 2114 rne-

381 2242 396 2288 2
415 2239 543 2289 turdesH
644 2243 735 2292 cirrata
751 2241 888 2292 Beinesins
906 2243 963 2306 pica
975 2259 1028 2307 pro
1046 2258 1124 2308 caepa
1142 2242 1307 2294 substituens:
1326 2245 1408 2308 pir-reta

308 2307 345 2360 H.
381 2311 493 2374 piperata
510 2308 656 2376 Sebefferus
774 2315 799 2362 ic
817 2313 955 2363 Heinsius:
974 2329 989 2363 c
1008 2313 1042 2363 H
1149 2315 1306 2365 bleranam
1323 2315 1407 2380 siqnsfi·

308 2379 376 2430 ccni.
409 2387 495 2446 potest
516 2384 596 2432 nescit
617 2382 777 2435 intercidisse
800 2392 830 2434 nt
853 2385 938 2434 iratas
954 2383 1066 2434 concina
1084 2383 1224 2435 secundam
1237 2401 1373 2450 persenam
1389 2392 1409 2435 et

309 2451 411 2502 tertiam
434 2452 572 2506 miserescit.
614 2455 691 2504 incias
713 2453 858 2520 Sebeffessss
883 2455 952 2522 qnod
970 2455 1110 2520 probarem
1129 2455 1153 2506 si
1174 2458 1271 2507 cibariis
1295 2458 1408 2522 sen'rrtrsns

308 2531 373 2574 esset
462 2527 630 2576 sccruorum
648 2527 741 2576 cibaria
758 2534 876 2590 respecto
894 2525 1079 2590 Webliop.16
1163 2528 1204 2578 ubl
1223 2527 1257 2577 H
1345 2529 1407 2595 yonis

308 2595 455 2645 nominatiui
473 2599 534 2646 catis
553 2597 617 2663 (leqe
636 2595 718 2663 casus)
735 2613 824 2663 margo
838 2597 871 2647 H
958 2599 997 2647 isti
1016 2598 1121 2663 Ascylto
1139 2598 1212 2648 cuins
1230 2613 1322 2650 seruus
1340 2599 1408 2649 Giton

308 2665 458 2719 habebatur.
485 2685 537 2718 non
554 2675 622 2719 reete
639 2667 707 2733 cepit
717 2667 903 2718 Lucienonnns
915 2668 953 2718 cd
970 2668 1121 2718 Lucretium
1133 2685 1163 2734 p.
1177 2671 1231 2720 362
1324 2673 1338 2719 5
1356 2685 1408 2720 con·

307 2739 394 2788 liberto
413 2736 573 2803 Sebefferus:
596 2756 654 2790 cum
672 2741 759 2790 liberto
777 2739 812 2791 H
926 2743 940 2788 6
959 2741 1120 2790 reddidissem
1139 2742 1219 2790 uicem
1239 2739 1346 2792 Goesius

309 2811 323 2856 7
344 2823 390 2858 nos
409 2824 460 2858 non
478 2811 600 2860 habemus
618 2808 764 2875 Sebeffesses
906 2817 932 2860 ab
949 2810 1043 2876 scribsi
1060 2827 1117 2862 esem
1134 2810 1302 2862 Hermanno:
1321 2821 1360 2861 aut
1376 2809 1406 2862 H.

307 2879 377 2926 haud
396 2877 521 2928 Heinsius
644 2881 699 2930 istic
725 2897 787 2946 euge
809 2880 902 2946 scripsi
919 2890 949 2931 nt
958 2881 1013 2946 flct
1028 2881 1161 2932 inculcatio
1180 2897 1237 2933 cnm
1254 2883 1353 2933 ironia:
1373 2882 1407 2931 isli

308 2962 389 3012 genge
407 2947 443 3000 H.
480 2965 576 3014 agagse
594 2951 638 3000 nel
654 2954 774 3016 agagnlse
793 2952 926 3016 Heinsius,
948 2967 1035 3018 gerrae
1053 2952 1195 3018 Iacobsiuc
1214 2957 1321 3018 gennaei
1338 2955 1407 3005 Gelae

307 3033 467 3082 gangraenas
490 3022 620 3084 gcngibiae
638 3024 731 3087 egregii
749 3023 809 3086 olii,
830 3023 965 3088 placatius
983 3025 1022 3073 isti
1041 3024 1192 3089 accipientes
1209 3041 1294 3076 omnes

305 3089 699 3213 fferiaicniiiffiemwtee
715 3091 860 3216 Scirem:
886 3096 1009 3216 imperant
1032 3094 1198 3218 Hucgdiecuis
1216 3096 1368 3217 scriptnrogm
1383 3093 1407 3215 {eg

647 3181 676 3213 sn
700 3181 780 3230 πυρα
834 3181 856 3215 ss
874 3183 960 3216 noum
978 3183 1078 3230 appears
1140 3185 1155 3216 r
1187 3183 1227 3216 sus
1367 3183 1382 3215 n

307 3230 421 3282 Iahnius
438 3231 503 3282 conl.
522 3249 547 3299 p.
568 3236 610 3299 66,
633 3235 664 3284 15
683 3234 756 3298 apud
780 3234 904 3287 Weblinm
916 3254 946 3302 p.
968 3241 1015 3287 14:
1034 3245 1059 3288 ct
1076 3237 1108 3287 H
1175 3241 1360 3289 caldicerebrius
1377 3243 1409 3286 sel

305 3303 408 3370 scribsi,
427 3305 615 3356 caldicerebrius
635 3305 712 3356 etiam
730 3304 856 3356 Iahnius.-
876 3310 960 3358 caldus
979 3309 1044 3359 cicer
1060 3310 1111 3358 eius
1129 3308 1164 3360 H
1265 3313 1280 3359 9
1300 3307 1409 3374 dupundii

305 3375 340 3426 H
424 3385 493 3428 recte
506 3378 623 3428 uiadabo
637 3385 661 3427 te
674 3377 700 3428 in
713 3378 850 3441 patibulum
863 3378 995 3432 Iacobsins
1086 3382 1118 3429 10
1136 3395 1183 3445 pus
1197 3379 1409 3432 nelflmusHsin-

306 3448 368 3512 eius,
387 3449 471 3499 snmus
490 3449 534 3501 nel
550 3450 641 3514 fungus
655 3447 790 3500 Icccbsius
896 3466 955 3515 ymo
967 3450 1001 3501 H
1102 3451 1178 3517 nnlqc
1191 3454 1409 3518 percensentes

301 3527 363 3582 post
379 3521 495 3570 deorsum
513 3519 634 3572 incidunt
651 3521 793 3572 orctimsem
914 3525 942 3570 11
970 3537 1022 3571 non
1045 3537 1091 3574 ons.
1116 3521 1301 3574 Hadrianider

306 3604 418 3640 crescam
437 3590 620 3643 Hadriomides
726 3608 778 3643 non
796 3592 900 3642 scmtsdit
919 3591 1091 3643 Hlobmnenns
1198 3595 1329 3644 coniecere
1347 3606 1409 3656 ncsp.

306 3657 446 3708 Heinsius:
465 3662 572 3712 coniecit
588 3662 625 3716 H.
643 3665 739 3716 conieci
757 3661 910 3729 Scheffesns,
929 3665 1026 3714 conicio
1039 3671 1148 3728 praeter
1161 3664 1208 3714 ille
1220 3663 1346 3716 Heinsius

308 3730 340 3776 12
359 3742 460 3791 persero
479 3729 629 3782 Reinesins:
655 3751 701 3798 per
720 3749 762 3784 cro
781 3734 816 3785 H
928 3734 1062 3799 Olimpium
1080 3734 1115 3785 H
1230 3738 1262 3785 13
1281 3737 1369 3786 besalis
1386 3731 1415 3783 H

306 3795 376 3862 qnod
394 3799 538 3862 anticanis
553 3801 678 3854 Heinsins
774 3806 960 3869 dupunduarius
978 3805 1013 3855 H
1107 3807 1139 3855 15
1158 3807 1261 3856 Athana
1279 3805 1411 3858 Heinsius:

305 3867 419 3918 Ssthana
436 3869 471 3920 H
591 3880 616 3922 et
633 3874 655 3924 ei
675 3874 783 3926 tricesies
903 3880 935 3927 16
956 3879 986 3927 dc
1005 3878 1058 3926 uiro
1077 3879 1166 3928 deiecit
1183 3876 1241 3927 Iac.
1261 3877 1411 3938 Gwnoeiun
1469 3879 1472 3884 '

305 3939 336 3988 de
359 3941 462 3990 cerebro
486 3941 575 3992 deiecit
593 3942 714 4009 Hessius,
738 3949 769 3997 de
793 3963 869 3997 curuo
893 3950 980 4000 refecit
997 3945 1157 4012 Sebffem,
1177 3950 1207 3998 de
1227 3964 1304 4000 corno
1324 3952 1413 4000 olorem

304 4009 364 4091 iecit
381 4008 527 4075 Iacobsius,
546 4015 717 4066 condocefecit
733 4016 878 4082 Reineeins,
896 4021 927 4070 de
945 4034 1020 4070 cureo
1039 4019 1049 4085 (
1050 4036 1106 4083 pro,
1113 4015 1225 4088 κουρείῳ)
1237 4021 1329 4071 deiecit
1344 4019 1413 4071 Reis-

303 4079 376 4142 lnus,
403 4095 494 4132 oecuro
520 4083 609 4134 defecit
633 4084 679 4136 hoe
702 4095 740 4137 est
761 4088 816 4138 sine
839 4083 935 4158 clxccpe'i
954 4089 1031 4143 iussit
1046 4090 1288 4144 esseBnrmmcnass.
1325 4094 1412 4142 decuro

297 4165 444 4217 perperam
453 4151 594 4217 ferchenes·
610 4153 639 4205 in
656 4156 691 4206 H
703 4172 756 4207 esse
773 4159 844 4224 quod
860 4162 892 4210 de
908 4176 985 4224 puero
1006 4161 1092 4212 ualere
1110 4160 1223 4212 Ocioiius
1234 4177 1266 4226 p.
1279 4163 1317 4212 33
1335 4161 1412 4214 credi·

302 4223 349 4278 dit.
382 4223 536 4289 mespicobes·
553 4239 630 4276 neruo
649 4229 784 4280 desuefecit
890 4231 958 4282 mab
975 4233 1134 4296 geometrica.
1166 4233 1329 4298 monastriam
1351 4233 1411 4283 usle-
