3008 4962
321 425 361 486 20
794 419 949 472 rnraonn

319 569 435 658 busque
453 573 541 654 largis
561 591 704 636 concussa
725 581 788 638 tota
805 573 878 636 lacie
898 593 933 636 ac
947 580 1066 654 pectore
1079 580 1179 637 torum
1195 593 1298 637 meum
1315 574 1425 654 pressit
1433 579 1462 630 tt

320 694 374 755 ego
395 674 498 736 eodem
518 682 652 754 tompore
672 681 701 736 et
721 673 921 736 misericordia
936 673 1069 735 turbatus
1086 677 1115 732 et
1129 679 1219 747 metu,
1239 673 1358 736 honum
1372 674 1428 735 ani-

320 792 402 836 mum
418 773 526 835 habere
541 791 604 836 eam
620 772 692 834 iussi
708 781 737 834 et
752 774 788 835 dc
803 780 928 853 utroque
942 791 1010 833 esse
1024 788 1172 832 securam:
1187 789 1256 832 nam
1272 792 1373 853 neque
1386 792 1428 834 sa-

321 892 369 935 cra
384 891 562 954 quemquam
575 871 768 950 vulgaturum,
783 879 812 932 et
828 872 852 934 si
868 871 946 951 quod
962 877 1110 951 praeterea
1125 869 1201 932 aliud
1215 871 1384 934 remedium
1399 871 1428 931 ad

320 973 473 1035 tertianam
489 972 561 1032 dens
577 969 616 1030 illi
631 977 837 1046 monstrasset,
852 971 1040 1034 adiuvaturos
1056 987 1113 1030 nos
1129 968 1254 1030 divinam
1271 971 1451 1050 providens

319 1071 389 1134 tiam
413 1070 455 1132 vel
475 1068 603 1150 periculo
624 1074 737 1129 nostro.
772 1067 891 1130 hilarior
912 1067 1076 1149 posthanc
1096 1067 1341 1146 pollicitationem
1361 1070 1429 1130 lacta

320 1169 424 1231 mulier
444 1166 567 1229 basiavit
586 1185 634 1227 me
651 1164 791 1244 spissius,
815 1175 843 1229 et
858 1188 892 1229 ex
906 1165 1033 1228 lacrimis
1048 1165 1078 1226 in
1092 1166 1184 1228 risum
1206 1175 1287 1228 mota
1311 1169 1428 1230 descen·

319 1268 422 1328 dentes
438 1266 473 1326 ab
493 1283 563 1328 aure
583 1263 702 1344 capillos
723 1284 807 1327 meos
827 1268 903 1328 lenta
923 1284 1012 1328 manu
1031 1264 1113 1326 duait
1132 1261 1143 1350 ΙΙ
1164 1272 1192 1326 et
1208 1255 1315 1326 ‘facio'
1340 1266 1448 1346 inquitl

316 1355 467 1426 ‘inducias
482 1361 646 1435 vobiscum,
663 1369 692 1423 et
706 1383 723 1424 a
739 1365 895 1427 constituta
909 1364 960 1426 lite
975 1363 1100 1426 dimitto.
1135 1363 1212 1443 quod
1229 1359 1241 1448 ΙΙ
1258 1363 1285 1424 si
1301 1383 1366 1426 non
1381 1365 1462 1425 ad-ll

320 1462 461 1524 nnissetis
476 1462 512 1523 de
527 1461 582 1523 hac
596 1461 739 1524 medicina
754 1482 841 1543 qnam
858 1471 942 1542 peto,
957 1462 1014 1526 iam
1030 1470 1129 1544 parata
1144 1470 1205 1525 erat
1218 1462 1249 1524 in
1266 1464 1426 1525 crastinum
1441 1468 1461 1518 10

320 1559 413 1635 turba,
428 1579 501 1641 quae
515 1568 544 1623 et
557 1559 693 1623 iniuriam
709 1581 805 1623 meam
820 1560 980 1624 vindicaret
994 1568 1022 1622 et
1037 1561 1220 1640 dignitatem:

484 1658 633 1721 contemni
647 1667 733 1742 turpe
748 1667 808 1733 est,
823 1658 917 1738 legem
934 1661 1045 1723 donare
1060 1659 1238 1740 superbum3

421 1753 425 1760 ’
535 1759 593 1820 hoo
606 1778 689 1834 amo,
705 1758 784 1838 quod
799 1777 925 1839 possum
941 1777 997 1840 qua
1012 1757 1081 1820 libet
1095 1758 1137 1818 ire
1152 1757 1205 1820 via.

483 1876 550 1920 nam
567 1875 638 1918 sane
653 1863 682 1918 et
696 1859 815 1938 sapiens
830 1864 1018 1937 contemptus
1033 1856 1124 1936 iurgia
1139 1857 1242 1931 nectit,
1490 1897 1491 1950 ,

535 1962 563 2017 et
578 1956 627 2035 qui
643 1973 703 2017 non
721 1957 845 2036 iugulat,
860 1955 954 2018 victor
969 1955 1048 2019 abire
1064 1945 1152 2019 solet'
1439 1961 1459 2010 1⁵

860 2074 880 2118 a

405 2151 566 2232 complosis
582 2150 686 2213 deinde
701 2150 836 2214 manibus
851 2153 881 2214 in
896 2159 1009 2216 tantum
1025 2159 1145 2234 repente
1159 2151 1253 2214 risum
1268 2153 1363 2215 effusa
1378 2159 1425 2222 est,

394 2427 404 2472 1
426 2422 531 2472 confusa
548 2418 686 2485 Scioppius
793 2429 926 2485 spectare
945 2419 971 2472 P
1076 2422 1177 2471 thorum
1195 2419 1329 2472 AnnuP

318 2493 436 2560 prexitO
541 2497 556 2544 2
576 2489 631 2543 eim
651 2484 743 2541 habire
756 2492 781 2541 L
878 2495 895 2541 4
913 2508 1055 2556 quenquam
1067 2491 1143 2543 Aac
1233 2493 1310 2560 quod]
1331 2493 1423 2558 quidem

319 2567 349 2618 P
452 2568 466 2615 5
480 2566 615 2616 tercianam
624 2564 650 2614 A
755 2565 795 2614 ille
807 2561 830 2614 G
923 2565 1082 2615 aduniaturos
1093 2563 1125 2629 (2¹,
1137 2563 1292 2614 adiureturos
1302 2564 1329 2616 P

319 2690 364 2724 uos
384 2672 406 2723 0
510 2671 691 2735 prouidentiam
705 2676 745 2736 pt,
761 2659 808 2722 ‘al
828 2685 848 2723 c.
867 2661 970 2733 prouid’
991 2685 1081 2736 murpo
1100 2671 1138 2720 L:
1153 2651 1350 2734 'pudentiemld
1371 2685 1424 2735 pru·

319 2746 428 2796 dentiam
437 2739 842 2805 ABODEGLPsMemmianue,
861 2748 934 2790 uetus
947 2739 1049 2791 Paion·
1157 2745 1171 2790 6
1188 2733 1235 2791 ‘aL
1248 2757 1269 2792 e.
1284 2742 1324 2792 uel
1341 2744 1370 2803 pi
1382 2743 1421 2790 deo

319 2877 413 2934 nostro'
435 2899 523 2948 usurpo
542 2882 566 2930 L
690 2882 773 2930 ilarior
791 2879 850 2942 GP,
870 2882 960 2944 illarior
979 2883 1005 2931 A
1128 2827 1323 2947 policitotionem
1341 2883 1424 2932 molier

321 2955 344 3006 G
453 2953 595 3004 lbasseuit
613 2949 643 3001 F
745 2953 832 3016 spisius
850 2952 882 3014 (i,
902 2955 998 3018 saepius
1011 2954 1039 3002 E
1142 2955 1257 3021 lacrymis
1270 2954 1320 3004 GL
1489 3011 1490 3014 Ἴ

319 3026 479 3076 detendentes
503 3023 529 3074 P
651 3024 753 3072 8lenta
780 3023 955 3089 Bonpareius,
984 3024 1147 3076 Biclardus:
1174 3032 1242 3075 tenta
1269 3025 1304 3089 0,
1333 3033 1423 3075 tentata

319 3094 504 3159 Anulum,
528 3101 630 3145 temtata
644 3111 680 3158 p,
705 3102 825 3159 temptata
837 3095 904 3148 BPt.
941 3103 1079 3160 temperata
1101 3105 1211 3148 tentante
1229 3105 1349 3162 marpot.
1369 3099 1422 3146 den·

319 3177 371 3218 tata
390 3166 527 3230 Delbenus,
548 3165 655 3229 Lipsius
762 3167 839 3216 duxit.
877 3168 897 3215 si
915 3168 994 3231 inquit
1011 3184 1062 3218 non
1081 3167 1118 3236 (u.
1132 3167 1158 3233 9)
1177 3168 1289 3234 inrepunt
1299 3165 1424 3218 Annon

320 3238 406 3291 nans
514 3240 528 3287 9
544 3243 604 3302 post
615 3238 656 3285 lite
668 3237 752 3286 neseio
765 3254 801 3286 an
814 3253 860 3287 nos
872 3237 1033 3288 interciderit
1138 3241 1284 3289 annuissetis
1297 3239 1421 3304 BDEpat,

315 3305 360 3363 ‘al
381 3329 401 3362 e.
421 3302 578 3361 snrruissetis'
599 3325 689 3374 marpo
707 3308 745 3372 L,
765 3311 920 3358 ammussetie
939 3309 976 3373 P,
995 3311 1140 3360 adimissetis
1163 3309 1196 3375 T,
1215 3312 1354 3362 admissatis
1373 3309 1421 3372 00,

317 3385 472 3436 adiuuissetis
492 3381 550 3445 PL,
570 3381 713 3430 adiuuisetis
732 3378 757 3428 A
858 3382 889 3429 10
908 3382 959 3430 iam
977 3382 1179 3447 superscriptum
1197 3383 1222 3432 L
1330 3385 1354 3432 in
1374 3397 1422 3432 ora-

317 3459 408 3508 stinnm
421 3458 492 3506 turbs
502 3453 619 3519 BLPpt:
632 3454 704 3502 turbe
715 3453 740 3501 in
754 3453 888 3502 crastinum
897 3451 1063 3503 AODEFGs
1149 3457 1178 3502 11
1191 3468 1272 3503 meam
1282 3453 1422 3518 BGLPpt:

318 3545 365 3581 one.
383 3525 524 3579 AODEFs
634 3528 665 3575 12
684 3524 804 3591 leguntur
816 3524 946 3575 diuersus
958 3524 987 3574 in
992 3524 1122 3591 florilepio
1134 3524 1257 3575 Parisino
1366 3541 1421 3575 con·

258 3635 265 3642 .
317 3602 410 3662 tempni
429 3598 459 3660 P,
480 3599 595 3647 contendi
609 3595 637 3646 F
724 3604 762 3646 est
781 3613 827 3649 mn.
841 3595 871 3646 F
955 3597 1050 3646 laesum
1063 3598 1181 3646 damnare
1195 3599 1333 3662 autlegem
1346 3599 1420 3646 inten-

317 3675 369 3717 tare
388 3668 413 3720 I.
427 3668 458 3717 P.
473 3667 622 3717 Grorrouiue
741 3670 772 3716 13
792 3683 859 3716 enno
878 3665 904 3718 P
1014 3683 1063 3730 quo
1081 3669 1175 3732 possim
1192 3667 1319 3719 Heinsius

319 3740 352 3787 14
370 3755 428 3788 nam
447 3754 520 3802 saepe
538 3736 563 3790 Ι.
576 3735 607 3790 F.
622 3736 778 3802 Grononius,
796 3754 847 3789 non
860 3753 921 3788 sana
933 3736 1059 3788 Heinsius
1148 3748 1304 3804 contemptus
1318 3739 1347 3806 0,
1367 3753 1420 3789 ocn-

316 3818 407 3859 temtus
425 3809 512 3870 DEL,
532 3815 676 3870 contemptu
689 3825 719 3872 p.
751 3826 808 3859 cum
827 3817 924 3874 tempus
946 3808 1080 3860 nunnoni
1205 3812 1282 3860 nectit
1300 3811 1338 3875 E,
1357 3827 1421 3860 noar·

313 3880 386 3945 pines
403 3897 416 3929 s
434 3871 478 3944 (‘f.
492 3880 575 3943 plectit
593 3877 610 3927 i.
636 3874 734 3944 neotit’)
754 3888 777 3930 et
796 3885 817 3929 t:
835 3882 910 3932 flectit
929 3899 986 3931 curn
997 3881 1128 3948 florilepio
1140 3881 1342 3947 ABODLPpst,
1361 3879 1420 3931 flecti

317 3950 350 4014 F,
362 3953 420 4000 fletu
434 3950 458 4001 G
551 3951 580 3998 15
594 3950 857 4017 ingilatflorilepiutn,¹
869 3955 955 4016 uigilet
967 3952 1011 4017 Pe,
1023 3948 1114 4019 neapo
1127 3954 1152 4002 A
1241 3956 1310 4004 obire
1323 3971 1335 4003 a

315 4024 382 4072 dolet
396 4013 463 4075 ‘uet
483 4013 544 4071 eod?
565 4019 679 4083 Boscltii,
698 4021 839 4083 Haimiua;
857 4025 925 4073 nolet
944 4022 1107 4077 utalaae
1144 4024 1220 4074 inemo
1237 4033 1319 4090 potest

314 4109 400 4144 uersus
413 4094 464 4142 1111
477 4086 646 4156 subscriptum
664 4093 689 4140 A
796 4093 916 4143 lacunam
939 4093 1059 4145 indicunt
1076 4096 1152 4162 L(in
1170 4113 1220 4160 qno
1240 4105 1290 4147 tres
1308 4092 1419 4146 asterisci
1488 4115 1489 4128 ¹

314 4173 339 4218 et
361 4180 441 4216 uuam
459 4163 588 4228 popinam
603 4162 705 4228 finiunt
727 4171 752 4214 et
773 4165 903 4230 incipienti
925 4164 1045 4229 deinceps
1069 4168 1189 4231 alteram,
1214 4169 1287 4218 cuius
1310 4164 1419 4232 marpini

313 4253 412 4288 nssvnr
430 4234 590 4300 adscriptam
602 4233 647 4299 est)
666 4242 691 4285 et
703 4242 719 4299 t,
737 4251 791 4285 non
797 4252 820 4300 p
930 4239 961 4287 16
981 4237 1104 4306 conplosis
1115 4237 1145 4288 P
1230 4241 1335 4304 denique
1346 4234 1421 4288 ΑΕΒ
