3022 4956
342 433 402 498 122
815 426 972 482 Pannona

340 605 419 650 marn
439 587 505 667 egit
536 583 641 648 deinde
661 589 696 647 ut
712 583 823 646 chucus
844 585 935 648 sudor
954 585 1107 666 utriusque
1133 584 1269 666 spiritum
1290 585 1448 656 revocavitl

340 684 549 768 comprehendi
557 682 692 763 Eumolpi
704 699 796 762 genua
808 674 1003 746 ct‘misererc'
1011 683 1130 763 inquam
1138 677 1334 746 ‘morientium
1345 689 1369 744 et
1377 701 1421 762 pro

340 783 492 847 consortio
508 784 673 846 studiorum
689 782 845 845 commoda
861 801 991 845 manum.
1022 801 1103 844 mors
1119 782 1207 856 venit,
1224 802 1304 863 quae,
1318 782 1369 843 nisi
1381 800 1422 861 per

340 891 369 946 te
383 901 443 945 non
458 882 534 957 licet,
548 890 648 964 potest
662 901 727 944 esse
741 884 802 962 pro'
812 873 952 944 munere.³
982 881 1140 944 inundatus
1154 883 1211 946 hac
1221 881 1373 961 Eumolpus
1386 881 1422 941 in-

340 984 415 1046 vidia
430 983 505 1046 iurat
519 1000 572 1063 per
586 981 658 1043 deos
673 982 800 1060 deasque
810 999 843 1042 se
853 1000 948 1061 neque
960 980 1036 1042 scire
1048 980 1116 1060 quid
1128 980 1273 1056 acciderit,
1286 980 1421 1042 naculum
1434 987 1444 1034 t

340 1083 440 1146 dolum
460 1081 570 1144 malum
591 1079 713 1143 consilio
728 1079 908 1156 adhibuisse,
924 1080 974 1142 scd
990 1086 1088 1142 mente
1104 1080 1321 1160 simplicissima
1334 1087 1361 1140 ct
1371 1097 1423 1138 vera

340 1184 397 1245 fide
411 1183 441 1246 in
457 1180 605 1260 navigium
620 1179 743 1241 comites
758 1178 917 1254 induxisse,
932 1197 990 1259 quo
1006 1179 1138 1258 ipseiam
1149 1178 1266 1258 pridem
1277 1178 1423 1240 fueritusu-

340 1299 401 1344 ms.
428 1272 514 1361 ‘quae
528 1285 625 1340 autem
640 1276 689 1339 hio
703 1277 826 1340 insidiae
841 1268 921 1338 sunt'
936 1279 1030 1359 inquit
1041 1270 1106 1340 taut
1120 1276 1186 1356 quis
1199 1275 1349 1338 nobiscum
1359 1275 1423 1336 llan-

340 1378 417 1440 nihal
442 1373 579 1456 navigat?
600 1374 704 1438 Lichas
725 1375 917 1449 Tarentinus,
938 1378 1030 1438 homo
1050 1375 1317 1438 verecundissimus
1336 1383 1362 1438 ct
1376 1391 1423 1434 non

340 1479 453 1538 mutum
468 1475 556 1538 huius
572 1474 677 1554 navigii
689 1475 837 1549 dominus,
854 1475 934 1555 qnod
949 1476 1031 1556 regit,
1048 1476 1100 1536 sed
1115 1474 1277 1536 fundorum
1292 1474 1369 1536 ctiam
1382 1472 1422 1533 ali-
1437 1479 1457 1530 lt

340 1581 414 1656 quot
426 1581 457 1636 et
469 1574 593 1637 familiae
607 1573 792 1654 negotiantis,
808 1574 1089 1636 onusdelerendum
1104 1574 1139 1636 ad
1154 1581 1316 1636 mercatum
1331 1571 1423 1634 condu-

341 1677 388 1738 cit.
418 1675 467 1738 hic
486 1682 531 1737 est
545 1675 668 1756 Cyclops
689 1673 736 1735 ille
758 1680 788 1734 et
806 1672 995 1754 archipirata,
1016 1673 1062 1734 cui
1081 1679 1230 1734 vecturam
1246 1651 1387 1744 dobenina
1402 1677 1424 1730 et

340 1782 456 1856 praeter
470 1775 550 1836 huno
563 1774 748 1855 Tryphaena,
772 1773 905 1834 omnium
923 1772 1099 1834 feminarum
1119 1772 1349 1845 formosissima,
1367 1786 1424 1848 quac
1488 1803 1489 1844 ,

340 1874 496 1954 voluptatis
517 1891 619 1936 caussa
638 1872 696 1934 huc
716 1877 801 1951 atque
816 1871 883 1932 illuc
896 1863 1044 1933 vectatur.³
1074 1865 1121 1933 ‘hi
1144 1865 1227 1935 sunt³
1248 1870 1338 1951 inquit
1355 1869 1424 1930 Giton

336 1966 429 2054 ‘quos
443 1962 585 2053 fugimus’
602 1971 748 2051 simulque
766 1971 874 2050 raptim
894 1988 1013 2033 caussas
1034 1971 1170 2033 odiorum
1190 1978 1222 2033 et
1240 1971 1347 2032 instans
1361 1965 1422 2047 peri·
1437 1975 1456 2023 tt
1488 2025 1489 2066 ἰ

341 2071 438 2134 culum
458 2070 622 2150 trepidanti
630 2071 779 2152 Eumolpo
798 2069 927 2148 exponit.
953 2070 1096 2132 confusus
1115 2071 1163 2132 ille
1182 2077 1212 2132 et
1232 2067 1339 2134 consilii
1353 2081 1423 2145 egens

340 2171 420 2232 iubet
443 2187 588 2250 quemque
610 2187 693 2230 suam
714 2168 889 2230 sententiam
910 2186 1047 2248 promere
1066 2175 1095 2230 et
1111 2147 1245 2249 ‘lidgite3
1264 2167 1353 2248 inquit
1366 2157 1423 2224 ‘nos

341 2276 459 2332 anuum
481 2269 613 2349 Cyclopis
633 2269 767 2330 intrasse.
798 2267 997 2348 quaerendum
1017 2275 1064 2328 est
1082 2267 1197 2348 aliquod
1220 2267 1364 2348 ellugium,
1381 2261 1423 2322 nisi

341 2367 523 2448 naufragium
535 2369 676 2447 ponimus
688 2377 717 2431 et
732 2367 813 2430 omui
825 2367 909 2428 modo
922 2385 978 2428 nos
989 2367 1117 2447 periculo
1130 2357 1310 2430 liberamus.²
1330 2349 1423 2424 ‘immo'

341 2467 436 2548 inquit
454 2465 542 2530 Giton
560 2461 719 2550 ‘persuade
741 2466 944 2547 gubernatori,
965 2473 998 2528 ut
1017 2466 1047 2526 in
1067 2465 1191 2545 aliquem
1207 2473 1327 2546 portum
1340 2475 1422 2524 narem
1435 2467 1456 2518 tt

342 2568 474 2641 deducat,
490 2584 553 2630 non
570 2568 633 2630 sine
648 2567 778 2649 praemio
795 2565 915 2641 scilicet,
931 2572 959 2626 et
973 2563 1086 2626 affirma
1101 2564 1127 2625 ci
1143 2564 1341 2643 impatientem
1355 2555 1424 2621 maris

340 2669 462 2729 fratrem
480 2675 564 2730 tuum
583 2669 614 2730 in
630 2667 740 2731 ultimis
757 2685 830 2728 esse.
860 2664 972 2747 poteris
986 2663 1063 2724 hanc
1077 2663 1296 2727 simulationem
1310 2669 1337 2723 et
1349 2658 1424 2720 vultus

342 2766 517 2830 confusione
536 2774 565 2828 et
584 2764 711 2828 lacrimis
731 2764 920 2838 obumbrare,
939 2770 974 2824 ut
995 2761 1196 2824 misericordia
1219 2769 1367 2844 permotus
1383 2773 1424 2835 gu·

340 2864 480 2927 bernator
506 2864 653 2943 indulgeat
677 2854 748 2926 tihi?
779 2863 896 2943 negavit
919 2863 978 2924 hoc
996 2861 1159 2943 Eumolpus
1179 2862 1244 2924 fieri
1263 2878 1358 2944 posse:
1377 2847 1424 2914 ‘rit
1488 2891 1489 2900 κ

413 3071 428 3117 2
449 3074 473 3118 et
490 3067 547 3133 pro]
568 3073 592 3118 et
609 3083 698 3133 marpo
717 3074 739 3118 t:
757 3068 774 3118 i.
794 3075 810 3132 t,
830 3069 854 3119 id
874 3076 911 3119 est
929 3067 971 3136 Lp
1080 3069 1094 3116 3
1114 3082 1181 3116 mors
1200 3071 1271 3119 uenit
1287 3068 1315 3118 iss
1331 3059 1426 3126 matilde

341 3137 404 3192 acici.
418 3139 443 3189 L
533 3141 550 3188 4
568 3153 620 3190 non
638 3154 717 3205 saper
734 3155 814 3191 aeroas
831 3141 955 3206 saraptam
973 3140 1012 3190 L:
1031 3156 1077 3190 aaa.
1092 3146 1132 3203 pt.
1169 3141 1247 3204 siper
1259 3148 1283 3190 te
1295 3132 1426 3195 licetSsiop·

336 3211 400 3278 pius
523 3217 584 3276 post
600 3225 702 3260 munere
723 3227 824 3262 canoas
842 3228 933 3263 uersam
958 3229 1015 3263 cam
1033 3211 1161 3262 asteriscis
1179 3211 1208 3261 ia
1225 3221 1241 3276 t,
1265 3211 1337 3262 asoa
1351 3207 1427 3256 lassis

341 3285 370 3336 ia
387 3284 430 3350 Lp
533 3283 548 3331 5
567 3283 652 3332 dolum
665 3283 734 3332 illum
747 3285 892 3349 transponit
905 3291 921 3339 t.
948 3286 1018 3334 illum
1037 3283 1112 3334 etiosa
1124 3283 1162 3332 L.-
1180 3284 1257 3333 ullunn
1277 3272 1427 3347 sospitati

341 3373 398 3408 aaa
405 3373 427 3424 p
501 3358 515 3406 6
534 3355 601 3406 malo
618 3371 708 3421 morpo
727 3362 743 3405 t.
773 3358 874 3406 consilio
892 3364 930 3407 eat
945 3354 983 3406 od
1001 3355 1222 3409 consiliamsuum
1234 3363 1264 3405 at
1276 3355 1305 3406 id
1316 3348 1427 3426 scaptos»

341 3446 425 3482 secam
437 3429 568 3481 intrarent
657 3428 672 3476 8
692 3428 822 3478 nobiscnm
829 3437 874 3494 pt:
886 3431 957 3479 nobis
969 3429 1002 3478 L.
1015 3442 1095 3477 nouus
1107 3425 1282 3479 arctosarctos
1366 3425 1426 3472 dnm·

341 3504 382 3552 hal
399 3501 425 3553 L
534 3501 566 3552 10
585 3505 637 3550 tam
655 3497 680 3550 L
802 3503 833 3549 11
853 3501 1034 3566 negotiatorum
1052 3515 1141 3564 maspo
1160 3507 1171 3548 t
1289 3493 1393 3549 conducit
1403 3491 1427 3552 ll

341 3626 371 3676 isi
389 3633 425 3677 eat
448 3625 590 3678 conducere
614 3626 686 3692 solet,
713 3586 832 3695 cundagit
849 3625 888 3674 L:
913 3627 1032 3675 conduxit
1052 3632 1169 3691 margot
1279 3627 1310 3675 13
1329 3617 1427 3671 foemina·

341 3712 397 3746 rum
414 3697 440 3748 L
550 3701 583 3746 14
602 3705 676 3762 atque
696 3700 746 3748 hue
765 3697 790 3747 L
898 3697 991 3748 Guiton
1009 3697 1034 3746 L
1151 3698 1183 3746 15
1203 3697 1285 3747 omnis
1303 3695 1366 3744 dolos
1382 3691 1427 3736 arola
1488 3733 1489 3740 ,

342 3783 442 3817 caussas
461 3767 570 3819 marom
588 3769 617 3820 ia
634 3770 659 3819 L
770 3772 801 3818 17
822 3783 936 3833 quenque
955 3769 980 3818 L
1086 3783 1225 3832 proponere
1245 3769 1310 3818 clam
1326 3765 1427 3836 irrepsitq-

342 3838 383 3889 ssit
400 3837 574 3890 Bourdelotssa
692 3843 723 3891 19
742 3841 857 3905 naufragi
875 3840 918 3889 acl
935 3841 1065 3904 naufragio
1083 3842 1234 3906 imponimus
1253 3839 1283 3890 iai
1301 3845 1335 3889 est
1351 3830 1428 3892 dedii·
1488 3875 1489 3902 ,

341 3926 398 3960 raas
417 3908 556 3976 Scioppius
669 3913 811 3964 omnimodo
830 3911 923 3977 scripsi
940 3911 970 3962 tot
988 3919 1024 3962 est
1041 3929 1096 3962 soma
1114 3911 1235 3977 qualebet
1251 3898 1428 3962 caenomanni

342 3971 411 4032 iiiii.
448 3990 473 4032 ct
490 3983 599 4046 pericnlo
618 3983 661 4035 scel
678 3991 703 4034 ot
720 4000 770 4033 uno
789 3985 898 4048 periculo
917 3984 985 4034 omni
1004 3999 1049 4033 nos
1062 3985 1171 4048 periculo
1183 3983 1295 4034 incestos
1307 3971 1427 4046 apade
1488 3979 1489 4002 l

342 4052 498 4118 didacidem,
518 4061 561 4103 sut
578 4062 658 4104 morte
676 4071 722 4105 nos
740 4062 765 4106 et
776 4064 869 4121 postca
887 4062 911 4105 et
929 4057 1056 4106 communi
1075 4071 1121 4104 nos
1134 4054 1276 4119 Iocobsias,
1297 4062 1320 4106 et
1337 4047 1427 4123 omniun

341 4125 451 4191 pernicie
469 4133 555 4175 nostro
574 4141 621 4175 nos
639 4142 684 4192 epo
703 4126 762 4176 oiim
862 4129 920 4195 imo,
934 4129 1021 4192 iuquit,
1034 4128 1127 4178 Gniton
1139 4127 1165 4176 L
1249 4131 1281 4177 22
1301 4133 1325 4176 et
1340 4119 1427 4173 lacunis

343 4205 367 4248 et
384 4199 467 4247 uultus
485 4197 631 4247 confusione
651 4205 824 4262 rrampoooat
835 4207 869 4263 pt
977 4203 1012 4250 24
1029 4199 1073 4248 uix
1090 4198 1183 4262 scripsi
1189 4218 1197 4248 .-
1215 4201 1273 4263 quia
1290 4195 1353 4250 libri.
1382 4189 1428 4256 post

343 4270 449 4329 curuatis
468 4266 583 4322 addebat
599 4284 650 4320 non
671 4268 828 4338 Gotteaicius,
847 4286 898 4320 non
917 4271 988 4322 facile
1007 4271 1178 4323 Burmannus
