3008 4962
1094 481 1216 531 ,v

108 621 192 692 poter
216 609 348 690 familiae
368 619 395 670 ct
414 607 537 670 Cerellio
556 605 720 670 Fortunata
740 612 848 672 conium
873 621 900 672 et
921 611 952 672 Α.
973 611 1088 675 Laelius
1106 612 1218 694 Apelles

111 721 195 782 aliens
210 718 333 799 Encolpi
350 729 376 779 et
396 717 582 779 antescolarii
600 716 750 796 Virpinnm
769 716 936 793 Vestalium,
957 723 989 782 in
1008 726 1102 784 satira
1123 733 1218 785 autem

110 829 239 890 Petronii
257 827 411 908 Encolpios
430 827 596 888 adulescens
618 830 719 888 corias
740 830 917 908 incertosque
938 848 1022 891 casus
1041 842 1178 911 ooopertus
1192 841 1219 894 et

110 915 270 999 Fortenses
292 936 494 998 Trimalaionis
512 954 593 997 umor
611 945 706 1015 empta
725 935 758 996 te
779 944 890 998 catasta
904 948 931 999 et
944 937 1056 1018 Apelles
1069 939 1216 1001 nobilissi-

110 1065 171 1108 mus
190 1056 296 1108 cantor
306 1065 337 1126 p.
354 1046 404 1120 76,
424 1047 460 1106 to
481 1055 507 1106 et
521 1043 671 1105 Menelaus
686 1044 894 1107 antescalarins
909 1046 1034 1108 rbctoris
1050 1067 1081 1127 p.
1098 1047 1149 1121 95,
1169 1050 1216 1109 11.

110 1158 155 1217 seb
169 1167 201 1218 ut
215 1159 329 1217 mittam
345 1172 470 1225 errores,
487 1157 633 1233 scripsisse
645 1151 812 1214 Petronium
824 1157 938 1216 circiter
950 1154 1075 1216 Neronis
1087 1166 1218 1236 tempora

111 1265 318 1326 demonstravit
335 1261 504 1343 lbcapbilus
518 1261 659 1324 Studerus
678 1264 710 1321 in
723 1280 821 1323 museo
836 1261 975 1326 llbenana
991 1282 1067 1325 nouo
1083 1262 1117 1323 ll
1126 1283 1157 1344 p.
1173 1263 1217 1325 bil

110 1384 134 1434 et
147 1372 225 1444 202,
242 1376 390 1453 scripsisse
404 1383 554 1451 postquam
569 1370 757 1432 Pharsaliam
771 1391 854 1434 suam
868 1371 1001 1435 lucanus
1017 1376 1108 1454 caepit
1117 1373 1218 1454 publi-

112 1499 190 1556 care,
212 1479 344 1542 lustinus
359 1479 532 1541 Moesslerus
552 1497 669 1542 carmen
684 1481 717 1542 ale
734 1481 806 1543 bello
824 1463 904 1543 ciuili
918 1491 1123 1545 commentatus
1142 1480 1218 1544 Vra-

112 1589 240 1650 tislaoiae
263 1607 340 1650 anno
362 1586 446 1649 1842
465 1597 490 1649 et
509 1586 733 1667 Hirscbberpiae
753 1607 829 1651 anno
851 1588 941 1651 1857.
970 1609 1060 1671 neque
1080 1591 1218 1665 homines,

112 1715 167 1770 ros,
187 1715 298 1770 mares,
315 1697 428 1778 studia,
450 1696 543 1758 coelius
558 1697 677 1776 denique
693 1701 785 1757 omnis
800 1697 946 1760 bumanus
962 1699 1108 1779 ciuilisque
1124 1699 1219 1779 qualis

114 1809 297 1883 leseribitur,
318 1825 407 1886 neque
426 1825 516 1885 penus
535 1809 676 1867 sermonis
696 1823 799 1885 arsque
814 1815 976 1867 metrorum
991 1811 1022 1866 in
1038 1806 1121 1868 aliud
1136 1817 1218 1888 atque

113 1915 313 1978 Neronianum
324 1927 434 1995 tempus
447 1919 626 1976 conueniunt.
649 1923 757 1974 acrium
769 1916 859 1992 ipitur
870 1925 911 1976 est
920 1913 1043 1974 Senecae
1051 1913 1219 1978 Petronium

114 2033 138 2085 et
148 2025 266 2087 Lucano
280 2027 371 2106 luisse
380 2023 543 2104 aequalem.
571 2041 610 2084 eac
624 2041 678 2104 pua
694 2041 754 2084 non
768 2025 881 2104 puidam
896 2027 1058 2086 necessario
1070 2025 1118 2086 secl
1133 2024 1218 2086 ualde

113 2135 301 2214 probabiliter
315 2133 444 2213 efficitur
459 2134 579 2194 cundem
594 2150 746 2212 essequam
759 2149 836 2194 anno
848 2142 916 2213 post
927 2131 1071 2194 Christum
1083 2131 1126 2194 66
1138 2131 1218 2194 Nera

114 2253 200 2305 morte
216 2244 377 2305 damnavit.
408 2259 477 2302 uam
491 2244 518 2302 si
530 2242 643 2322 quibem
658 2240 782 2303 bominis
794 2246 854 2303 cita
865 2245 980 2323 seriptis
992 2245 1130 2313 cernitur,
1147 2261 1219 2322 puae

116 2353 146 2413 ie
163 2352 211 2414 illo
234 2351 347 2414 Tacitus
366 2351 441 2412 discit
462 2349 614 2411 annalium
635 2348 707 2410 XVI
710 2398 717 2425 ,
739 2348 778 2410 18
796 2343 884 2412 ‘bunc
903 2355 1021 2430 ipnaoia
1043 2339 1085 2413 acl
1098 2354 1213 2431 samam

114 2460 287 2540 protulerat,
308 2459 524 2538 babebamrpue
543 2475 602 2520 non
621 2475 711 2538 panea
732 2469 759 2522 ei
768 2460 960 2540 prailipatar,
976 2469 1009 2522 ut
1019 2460 1151 2540 plerique
1166 2479 1221 2522 ma

118 2568 321 2642 lipparitanam,
341 2569 389 2630 secl
408 2567 519 2630 erudita
540 2568 628 2639 lunu,
650 2587 683 2628 aa
703 2569 779 2630 elicta
792 2570 927 2649 factaque
942 2571 1002 2628 eicos
1017 2578 1124 2648 pucnta
1140 2568 1220 2630 salu-

119 2681 189 2740 tiora
210 2689 239 2740 et
259 2677 406 2758 quantiam
429 2681 476 2738 sui
496 2676 701 2756 neplepentiam
719 2679 935 2756 praeferentia,
960 2685 1038 2737 lanto
1058 2679 1171 2754 pratius
1189 2680 1221 2736 in

118 2792 231 2866 speeiem
247 2786 436 2866 simplicitatis
451 2776 687 2866 aaaipe'ebantur‘,
704 2803 739 2846 ea
754 2786 829 2847 elicta
844 2788 953 2847 suntin
964 2784 1039 2846 bunc
1051 2787 1221 2865 scriptorem

117 2900 282 2957 satirarum.
313 2903 339 2956 ct
354 2895 430 2975 quael
446 2896 574 2974 deinceps
588 2913 705 2968 seuerus
719 2895 769 2956 ille
780 2893 930 2956 Romanae
941 2896 1099 2974 pravitatis
1113 2896 1222 2957 vincito

118 3007 203 3084 rasere
213 2998 376 3066 ‘reuolutus
392 3004 430 3065 acl
445 3007 516 3064 vitia
532 3023 581 3065 seu
596 3007 734 3065 citiarum
746 3007 904 3066 imitatione
916 3006 992 3064 inter
1002 3021 1114 3083 paucos
1128 3006 1222 3084 sami-

119 3111 233 3175 liarium
249 3113 361 3174 Neroni
375 3113 543 3192 absumptus
558 3123 609 3186 est,
633 3113 789 3192 elepaniiae
810 3113 934 3183 arbiter,
952 3113 1021 3174 olum
1035 3109 1110 3173 nibil
1125 3130 1221 3174 amac-

119 3239 184 3284 num
203 3234 230 3285 et
248 3222 334 3284 molle
350 3223 505 3303 affluentia
516 3230 602 3301 putat
614 3226 673 3284 nisi
687 3224 763 3304 puotl
777 3225 804 3284 ai
818 3221 970 3285 Petronius
985 3214 1221 3301 approbaoe'sset,’

120 3332 182 3408 quii
196 3341 273 3392 aetat
283 3330 397 3392 Arbitri
411 3347 567 3409 capnomen
577 3348 633 3410 per
647 3335 743 3393 iocum
755 3331 840 3393 auiae
853 3341 991 3409 aupustoe
1003 3333 1035 3390 in
1049 3330 1134 3392 illam
1145 3334 1222 3410 pa'r-

121 3447 171 3500 tem
186 3449 332 3520 acceptum
347 3455 405 3499 esse
422 3436 559 3502 oreelerel
573 3437 638 3500 buia
653 3439 798 3514 Petronio,
811 3439 984 3521 proconsuli
998 3439 1155 3519 aliquanela
1171 3437 1223 3499 Bi-

121 3546 229 3627 tbpniae
245 3559 271 3611 ct
286 3549 385 3610 lande
402 3546 515 3609 consuli
528 3549 656 3630 suffecto,
669 3566 850 3629 praenomen
865 3547 941 3628 quael
955 3549 1047 3628 fuerit
1061 3565 1121 3609 non
1137 3547 1225 3629 liquet

125 3697 247 3704 -—-—--

121 3763 199 3816 lilerii
213 3765 310 3818 Tiberii
326 3769 352 3816 el
365 3763 464 3816 Claudii
479 3766 505 3813 el
516 3759 627 3814 Neronis
643 3761 739 3813 conditi
753 3767 822 3814 sani.
845 3777 957 3829 paeane
972 3766 1058 3814 autem
1071 3763 1223 3815 eruditionis

122 3851 230 3903 stadium
241 3852 317 3903 -da
335 3851 442 3902 dieiicbo
456 3849 547 3900 ultimo
561 3852 711 3918 postremus
729 3848 799 3900 eiua
810 3851 950 3915 Augustas
962 3848 1104 3900 Mbe'reelelus
1120 3849 1155 3900 ad
1167 3848 1223 3900 Cal·

123 3934 253 3990 limaabum
271 3955 295 4008 p.
310 3943 362 3990 298
375 3966 408 3974 —
421 3952 468 4002 ego
485 3934 559 3986 ualtla
576 3934 664 3986 dubito
682 3951 744 3985 num
760 3938 787 3985 in
805 3937 875 3986 bertii
890 3934 987 3985 saeculi
1003 3934 1085 3985 bibulis
1101 3933 1223 3986 Romanis

124 4023 219 4088 aequale
230 4026 383 4091 reperiatur.
407 4025 518 4073 acierum
530 4022 661 4072 nominum
673 4022 741 4070 lnior
752 4021 817 4071 leuno
830 4019 939 4088 lapidem
952 4024 977 4070 oi
990 4021 1106 4071 Petronii
1115 4022 1223 4070 satiram

124 4108 257 4160 simililutlo
274 4109 337 4160 adeo
355 4125 416 4159 casu
434 4109 518 4158 oeonii
529 4111 560 4157 ai
570 4123 602 4157 ne
613 4108 660 4157 leco
672 4106 771 4172 puidam
783 4107 848 4156 mibi
858 4105 1029 4175 persuadeam
1042 4104 1111 4171 qaod
1120 4105 1151 4155 ala
1163 4103 1223 4155 nn·-
1271 4147 1274 4152 .

124 4189 202 4243 deriso
217 4192 352 4263 Tbaaplu'lc
365 4193 403 4247 W
403 4193 500 4244 elabera
516 4192 607 4243 audire
623 4207 664 4242 me
675 4194 792 4253 memini,
810 4191 893 4242 indita
904 4193 1048 4242 bominibus
1059 4191 1108 4241 iilis
1119 4193 1224 4240 nomina

126 4291 176 4328 eece
187 4279 345 4332 Fariunaiae
356 4284 383 4331 ai
393 4279 499 4347 Encolpi
511 4282 536 4328 ei
548 4277 646 4347 Apellis
660 4293 694 4330 esc
704 4278 764 4330 libri
776 4277 926 4328 Petroniana
936 4278 1068 4328 inemoria.
