3022 4956
301 415 360 478 138
774 415 930 470 rurnonu

297 587 351 632 nes
371 569 459 632 iussit
480 569 614 636 crucibus
634 571 720 650 adligi
736 573 897 634 secundum
911 571 992 634 illam
1006 573 1128 635 eandem
1144 573 1287 648 casulam,
1301 575 1329 636 in
1347 594 1408 656 qua
1423 583 1465 634 Lu

297 687 397 732 recens
417 668 537 731 cadaver
556 675 690 731 matrona
709 668 841 732 dedebat.
871 671 1005 750 proxima
1024 689 1092 751 ergo
1112 680 1214 747 nocta,
1230 692 1295 735 cum
1308 674 1409 746 miles,

298 766 347 848 qui
363 785 464 830 cruces
480 768 657 842 asservabat,
672 768 785 847 nequis
798 769 834 830 ad
846 769 1027 849 sepulturam
1041 788 1149 851 corpus
1161 770 1331 846 detraheret,
1346 791 1409 834 nu·
1505 815 1506 818 κ

297 873 389 930 tasset
404 865 459 928 sihi
474 874 503 928 et
517 865 616 928 iumen
632 867 708 928 inter
721 865 902 928 monimenta
918 868 1023 930 clarius
1039 868 1154 948 fulgens
1166 877 1196 930 et
1207 871 1348 949 gemitum
1360 871 1408 932 lu-

298 966 392 1046 gentis
408 964 552 1040 audisset,
568 965 636 1027 vitio
652 965 746 1044 gentis
762 965 906 1027 humanae
922 967 1072 1047 concupiit
1085 967 1170 1042 scire,
1185 968 1253 1047 quis
1268 977 1318 1030 aut
1332 969 1408 1048 quid
1426 984 1441 1032 s
1505 987 1506 1028 ι

296 1065 412 1127 faceret
442 1063 592 1126 descendit
610 1064 698 1144 igitur
718 1064 748 1124 in
763 1064 976 1140 conditorium,
992 1066 1111 1146 visaque
1126 1066 1321 1146 pulcherrima
1335 1087 1409 1130 rnu-

297 1163 366 1224 liere
380 1162 477 1243 primo
492 1163 577 1242 quasi
592 1164 719 1244 quodam
735 1170 870 1224 monstro
887 1162 1067 1244 infernisque
1081 1164 1257 1244 imaginihus
1272 1166 1408 1228 turbatus
1505 1215 1506 1218 ,

297 1261 436 1324 substitit.
467 1261 571 1323 deinde
587 1269 619 1322 ut
633 1269 661 1322 et
676 1264 785 1342 corpus
800 1262 920 1325 iacentis
936 1262 1092 1342 conspexit
1106 1270 1135 1324 et
1153 1264 1287 1326 lacrimas
1305 1265 1408 1326 consi·

297 1360 404 1421 deravit
417 1360 580 1440 faciemque
594 1360 741 1440 unguibus
754 1368 873 1433 sectam,
888 1367 969 1422 ratus
984 1361 1094 1423 scilicet
1108 1361 1137 1423 id
1150 1363 1229 1442 quod
1242 1372 1313 1437 erat,
1328 1363 1409 1424 desi·

297 1458 411 1520 derium
430 1458 549 1520 extincti
569 1475 630 1519 nou
649 1477 741 1538 posse
758 1459 898 1521 laminam
917 1459 992 1538 pati,
1015 1460 1118 1522 adtrdit
1132 1461 1161 1521 in
1177 1470 1407 1524 monumentum
1426 1468 1454 1518 lu

297 1557 429 1620 cenulam
450 1577 532 1619 suam
554 1556 707 1637 coepitque
726 1558 839 1620 hortari
857 1558 1018 1636 lugentem,
1038 1577 1076 1619 ne
1090 1565 1290 1639 perseveraret
1305 1559 1335 1621 in
1349 1561 1408 1621 do·
1447 1578 1456 1591 ·

295 1656 358 1718 lore
370 1674 551 1737 supervacuo
561 1675 596 1717 ac
607 1655 676 1717 nihil
687 1657 843 1735 profuturo
856 1657 966 1735 gemitu
977 1665 1079 1736 pectus
1092 1657 1254 1720 diduceret:
1271 1660 1407 1720 omnium

296 1755 420 1818 sundcm
436 1774 502 1818 esse
517 1754 625 1816 exitum
644 1754 713 1832 [sed]
731 1763 760 1816 et
774 1755 852 1816 idem
868 1754 1063 1830 domicilium,
1079 1763 1108 1818 et
1122 1763 1216 1818 cetera
1231 1757 1339 1838 quibus
1355 1777 1406 1820 ex-

295 1856 437 1917 ulceratae
457 1861 570 1916 mentes
591 1853 627 1916 ad
648 1852 800 1915 sanitatem
816 1860 999 1916 revocantur.
1030 1861 1059 1916 at
1078 1855 1124 1916 illa
1144 1855 1243 1935 ignota
1269 1857 1406 1918 consola-

294 1953 375 2016 tione
390 1970 529 2033 percussa
543 1951 677 2013 lacerarit
690 1951 891 2012 vehementius
907 1959 1011 2032 pectus
1022 1961 1186 2033 ruptosque
1202 1955 1297 2017 crines
1314 1974 1405 2038 super
1423 1962 1451 2012 15

369 2185 382 2231 1
403 2183 515 2231 crucibus
533 2181 604 2230 iussit
622 2181 768 2245 transponit
784 2179 897 2230 Ioannes
1004 2181 1071 2245 effigi
1084 2181 1174 2244 scripti
1187 2184 1333 2249 praeterB

295 2254 362 2303 illam
381 2269 447 2305 corr.
467 2267 499 2302 en
517 2253 575 2302 illud
594 2252 620 2302 B
763 2253 868 2303 eandem
879 2251 1045 2318 florilegium,
1059 2260 1107 2316 pt:
1125 2271 1173 2306 mn.
1192 2256 1288 2321 reliqui

296 2328 311 2374 2
333 2325 403 2388 ergo]
423 2339 483 2374 uero
500 2323 563 2386 ΕΤ,
582 2332 665 2374 autem
688 2341 714 2377 a.
733 2341 753 2376 a.
778 2323 954 2386 Bittersbnsii,
972 2323 1144 2376 Memmianns
1270 2331 1285 2378 3
1305 2343 1406 2380 crucem
1505 2323 1506 2332 ’

296 2393 405 2447 noras
534 2398 677 2445 adseruabat
700 2395 766 2461 Lpt,
787 2395 958 2462 florilepiwm:
982 2397 1097 2446 seruabat
1119 2399 1195 2449 ceteri
1322 2415 1404 2464 neque
1505 2399 1506 2406 ’

295 2469 321 2519 Α
446 2469 478 2517 ad
497 2483 544 2520 om.
564 2466 587 2516 G
717 2483 807 2532 corpus
830 2466 1033 2531 suburam,
1058 2466 1187 2519 Ioannes.-
1211 2485 1318 2536 corpora
1341 2473 1404 2536 Lpt,

289 2540 454 2608 florileqa'nm.
491 2556 538 2589 arn.
557 2541 590 2603 A,
607 2537 723 2597 Orellins
735 2541 795 2604 aa
913 2541 981 2588 4ibi
1000 2541 1075 2588 cibis
1201 2550 1249 2592 ant
1266 2541 1406 2593 delendam

296 2621 320 2664 et
339 2621 386 2662 ant
403 2610 622 2676 transponendum
640 2619 664 2662 et
681 2613 765 2660 lumen
783 2618 894 2660 notasset
912 2611 958 2660 sibi
1072 2612 1226 2664 monimenta
1241 2630 1293 2678 per
1310 2617 1319 2664 i
1336 2616 1405 2666 solus

295 2684 321 2735 B
431 2687 445 2732 5
465 2685 561 2734 audiret
578 2683 611 2747 L,
630 2684 726 2732 audisse
745 2680 775 2731 F
878 2683 941 2731 uicio
961 2679 1013 2731 ΑΡ
1117 2687 1260 2749 concupiuit
1271 2686 1328 2736 EF

295 2763 339 2805 aut
358 2772 405 2806 om.
418 2754 538 2805 Bulsinius
629 2757 644 2803 6
664 2769 723 2818 ergo
737 2769 768 2818 p,
787 2751 974 2814 Memmianns;
992 2754 1074 2815 itaque
1086 2752 1201 2806 Ioannes
1289 2759 1404 2823 iussaque

296 2826 322 2876 P
422 2832 435 2876 7
456 2827 581 2890 quondam
594 2825 620 2875 P
725 2832 818 2874 mostra
838 2823 867 2874 F
970 2825 1107 2888 internique
1127 2825 1153 2875 P
1259 2829 1274 2878 8
1295 2832 1405 2880 subsistit

296 2896 411 2947 Ioannes
517 2897 554 2960 ut]
574 2897 615 2946 ubi
634 2895 746 2946 Ioannes
853 2898 951 2960 aspexit
969 2894 1082 2944 Ioannes
1195 2900 1319 2966 lacrymas
1340 2901 1410 2951 Get

294 2984 310 3033 y
329 2982 361 3016 ec
379 2970 387 3016 i
406 2975 520 3017 correcta
538 2969 571 3029 L,
590 2969 731 3034 lachrymas
749 2975 893 3018 constanter
911 2967 1026 3017 Ioannes
1141 2972 1155 3018 9
1175 2978 1272 3034 septam
1289 2971 1320 3020 F

296 3038 410 3088 imitatus
425 3037 540 3104 fortasse
558 3037 706 3090 Petroniana
729 3047 766 3090 est
782 3038 915 3102 Sulpiciae
932 3035 1046 3090 Semne
1068 3038 1245 3091 chronicorum
1263 3041 1285 3093 I
1300 3045 1317 3093 3
1339 3035 1406 3095 ‘Noe

296 3127 354 3160 enm
370 3110 423 3159 iam
440 3109 545 3160 imbrem
563 3108 687 3161 destitisse
706 3127 736 3161 aa
755 3111 839 3176 quieto
857 3111 886 3160 in
898 3111 952 3160 sam
969 3127 1058 3160 arcam
1071 3111 1234 3178 circumferri
1244 3114 1405 3182 inrumperet,

294 3190 362 3232 ratus
380 3183 405 3232 id
423 3183 489 3246 quod
508 3189 572 3244 erat,
597 3197 681 3246 aqam
698 3182 832 3246 decedere,
852 3199 958 3232 cornum
971 3181 1088 3245 primam
1101 3221 1107 3236 .
1118 3222 1142 3236 ..
1158 3181 1249 3234 emisit‘
1383 3189 1407 3237 id

296 3271 343 3306 orn.
364 3261 381 3319 t,
399 3253 451 3305 non
473 3252 498 3303 T
604 3256 637 3302 10
657 3255 757 3304 extincti
775 3255 811 3304 sia
829 3252 984 3304 ABFdLP
1001 3271 1058 3304 cnm
1075 3253 1178 3304 Inmane
1285 3259 1407 3309 feminam

295 3330 347 3393 pati
366 3343 416 3378 non
434 3341 508 3391 posse
527 3324 640 3378 Iomanes
769 3327 856 3375 adtulit
873 3325 913 3376 B.-
932 3327 1017 3376 actulit
1036 3325 1068 3389 F,
1088 3329 1191 3376 contulit
1208 3328 1252 3392 Lp
1271 3328 1407 3382 Memmia„

296 3417 353 3464 nus,
373 3401 453 3449 attulit
476 3399 553 3449 ceteri
646 3401 675 3447 11
697 3398 809 3448 cedulam
822 3398 850 3447 D
940 3395 1052 3446 ortariO
1138 3401 1320 3462 perseueretP

300 3476 330 3521 12
351 3488 380 3522 ac
399 3469 613 3536 ABODEFPst,
633 3469 761 3521 Ioannes:
785 3477 809 3518 et
827 3469 869 3534 Lp
889 3485 945 3518 canc
957 3468 1098 3535 florileqia,
1124 3469 1209 3520 antid
1330 3474 1408 3522 nichil

297 3543 323 3593 P
436 3545 549 3610 defuturo
561 3543 718 3610 florilepimn
817 3583 818 3587 ,
835 3541 952 3606 fortasse
970 3555 1033 3590 neue
1051 3541 1146 3604 gemitu
1272 3543 1408 3594 deduceret

297 3613 346 3676 Ga,
374 3615 524 3665 deducerent
541 3615 572 3668 P.
610 3617 724 3664 diducere
741 3612 951 3678 Inopemnannns
1091 3614 1123 3660 13
1142 3604 1247 3678 modern
1260 3613 1294 3676 Β,
1315 3617 1407 3666 eadem

296 3683 425 3744 Ioannem
444 3701 603 3736 communem
621 3695 694 3737 netns
712 3684 817 3736 Bosaha‘i
942 3698 995 3733 esse
1015 3684 1109 3732 exitum
1128 3682 1344 3735 annumeret:
1363 3703 1408 3737 cx·

295 3755 358 3804 itum
382 3769 434 3804 esse
453 3757 509 3820 Lp,
528 3757 693 3823 florilept'mn.
730 3758 823 3807 exitum
845 3755 893 3805 a'm.
911 3754 937 3805 B
956 3763 981 3804 et
997 3753 1111 3804 Ioannes
1129 3771 1240 3819 quomam
1256 3759 1408 3808 mmor-omn

296 3824 333 3874 ad
352 3828 457 3876 eandem
476 3841 527 3876 esse
547 3831 631 3878 sedem
648 3837 763 3893 spectare
776 3827 894 3893 potueris
911 3825 1017 3891 opinmi
1129 3829 1171 3876 aad
1191 3828 1225 3892 et]
1245 3836 1282 3878 set
1301 3837 1327 3878 et
1345 3828 1406 3893 Fa,

296 3897 382 3946 sedin
402 3896 439 3957 P;
464 3899 507 3946 sed
526 3913 572 3951 an.
591 3898 624 3963 A,
644 3908 668 3948 et
686 3917 732 3949 am.
755 3898 789 3961 0,·
814 3901 855 3949 ssd
875 3914 888 3948 c
907 3898 941 3960 B,
961 3899 1054 3947 scilicet
1077 3897 1191 3948 Iomanes
1335 3904 1407 3951 exul·

296 3975 363 4016 tante
383 3967 409 4017 P
516 3972 547 4017 14
566 3971 607 4019 illa
625 3987 671 4021 om.
692 3970 717 4020 P
821 3971 950 4034 inopinata
967 3985 1037 4032 susp.
1050 3967 1238 4020 Ba'tterslncsins
1257 3978 1310 4021 tam
1328 3972 1408 4023 inreti-

296 4039 355 4088 liter
373 4055 451 4103 quam
468 4039 527 4089 alirn
546 4053 589 4104 epo
606 4042 684 4104 ignoti
793 4045 825 4093 15
844 4043 957 4106 perculsa
974 4049 1086 4107 marqot
1192 4043 1311 4092 lacerarit
1330 4045 1408 4095 uehe-

296 4128 402 4179 mentius
419 4133 506 4194 pectus
524 4129 643 4177 lacerauit
662 4128 686 4178 (i
793 4131 948 4181 uehementis
967 4129 993 4179 P
1079 4137 1213 4194 ruptosque
1232 4133 1312 4182 crines
1331 4147 1409 4198 super

1111 4203 1115 4226 Ι

1426 3591 1445 3620 q

295 4241 383 4304 pectus
402 4249 448 4285 om.
461 4232 623 4302 flardepium
725 4242 857 4301 raptosque
874 4235 987 4288 Ioannes
1094 4237 1162 4286 ciues
1181 4233 1207 4287 A
1224 4235 1295 4288 rmde
1318 4253 1409 4292 omnes
1505 4295 1506 4298 Ἴ
