3022 4956
306 461 362 521 tao
775 457 930 512 nunnonu

299 621 349 675 aut
363 613 467 674 vivere.
498 613 593 693 itaque
609 613 711 675 mulier
725 615 835 694 aliquot
849 616 963 677 dierum
980 615 1150 678 abstinentia
1167 614 1243 676 sicca
1259 633 1338 693 passa
1351 621 1398 675 est
1414 622 1458 674 Lo

299 712 392 791 frangi
412 712 599 791 pertinaciam
616 733 716 786 suam,
737 733 792 775 nec
811 714 909 774 minus
931 714 1013 774 avide
1032 712 1151 793 replevit
1171 731 1203 772 se
1230 713 1293 773 cibo
1316 731 1399 792 qoam

233 812 410 885 ll2ancilla‚
431 830 504 892 quae
524 813 606 891 prior
620 813 691 874 victa
707 821 760 875 est.
785 819 913 874 ceterum
927 812 1017 885 scitia,
1034 813 1099 891 quid
1123 811 1296 891 plerumque
1313 811 1401 871 soleat
1506 842 1507 894 q

300 919 441 992 temptare
453 910 609 972 humanam
623 909 793 972 satietatem.
816 911 922 990 quibus
934 910 1081 972 blanditiis
1094 910 1298 988 impetraverat
1312 909 1400 980 milet,
1506 901 1507 912 ¹

295 1019 333 1072 ut
343 1017 476 1072 matrona
492 1009 573 1071 vellet
586 1009 689 1080 vivore,
706 1008 798 1070 isdem
815 1009 900 1070 ctiam
918 1009 1086 1088 pudicitiam
1103 1009 1166 1070 eius
1183 1010 1334 1087 adgressus
1346 1014 1399 1067 est.
1419 1025 1433 1072 5

300 1127 355 1172 nec
380 1109 520 1171 deformis
546 1117 596 1170 aut
621 1108 797 1169 infacundus
818 1107 929 1169 iuvenis
946 1116 1041 1169 castae
1056 1108 1215 1179 videbatur,
1239 1105 1404 1168 conciliante

301 1207 421 1287 gratiam
438 1207 537 1268 ancilla
553 1226 587 1268 ac
602 1206 726 1268 subinde
741 1206 867 1266 dicente:

681 1295 853 1382 “placitone
868 1305 953 1384 etiam
969 1303 1113 1385 pugnabis
1129 1295 1269 1365 amoril‘'

445 1405 509 1481 [nec
523 1403 645 1463 venitin
661 1410 799 1477 mentem,
817 1423 941 1483 qnorum
959 1403 1128 1466 consederis
1144 1399 1257 1480 arrisi]

301 1502 370 1581 quid
386 1501 494 1562 diutins
509 1498 634 1562 moroni
648 1519 685 1561 ne
701 1502 776 1562 hanc
790 1502 907 1580 quidem
925 1511 1035 1582 partem
1052 1502 1186 1582 corporis
1198 1500 1302 1561 mulier
1313 1500 1404 1562 absti-
1423 1509 1449 1558 tu

300 1600 377 1672 nuit,
398 1599 548 1680 victorque
567 1600 650 1662 miles
670 1608 826 1681 utrumque
842 1601 997 1680 persuasit.
1023 1603 1175 1664 iacuerunt
1189 1618 1258 1679 ergo
1273 1619 1330 1662 una
1345 1617 1404 1660 non

300 1708 413 1762 tanturn
430 1699 475 1760 illa
491 1706 586 1771 noem,
603 1717 658 1779 qua
674 1700 792 1779 nuptias
807 1701 952 1774 fecerunt,
968 1700 1017 1761 sed
1033 1707 1154 1778 postero
1172 1699 1258 1760 etiam
1274 1717 1307 1759 ac
1320 1697 1404 1758 tertio

300 1800 354 1874 die,
372 1791 528 1878 praeclusis
544 1798 675 1860 videlicet
687 1799 842 1860 conditorii
854 1799 978 1873 foribus,
993 1805 1027 1859 ut
1037 1798 1171 1878 quisquis
1184 1817 1219 1859 ex
1230 1797 1309 1858 notis
1321 1797 1406 1876 igno·
1461 1837 1463 1841 ,

300 2029 545 2093 nemo-p.140‚l
566 2027 649 2076 uiuere
668 2042 715 2079 orn.
726 2026 884 2092 florilegium
992 2029 1050 2077 dum
1070 2024 1167 2076 ΛΟΜ
1274 2042 1351 2090 quum
1372 2027 1405 2074 ui·

300 2115 359 2148 uere
380 2101 475 2163 cogitur
494 2105 537 2147 aut
555 2112 651 2146 sumere
671 2099 753 2147 cibum
772 2097 884 2147 Ioannes

374 2173 386 2218 l
407 2172 489 2219 bibere
509 2177 729 2220 commemoratum
753 2186 771 2218 a
788 2167 911 2234 Scioppio
1019 2170 1219 2233 bpartinaciam
1238 2167 1267 2218 F
1370 2184 1406 2218 re-
1509 2179 1510 2190 ¹

301 2241 377 2305 plcuit
395 2256 422 2290 se
440 2239 549 2305 BLPp‚
568 2240 681 2290 Ioannes
700 2249 723 2291 et
733 2241 905 2307 florilegium:
931 2255 957 2289 se
975 2242 1079 2305 repleuit
1096 2240 1191 2304 reliqui
1196 2258 1206 2301 ,¹
1221 2231 1306 2290 ‘oetas
1323 2241 1407 2303 imple·

301 2313 337 2360 uit
355 2326 381 2360 sc
400 2313 469 2360 cibo:
489 2319 512 2360 et
529 2311 558 2360 in
573 2311 637 2376 glos.
655 2306 724 2377 repl'
745 2313 844 2364 Daniel
963 2313 977 2360 3
998 2313 1045 2361 scis
1064 2329 1081 2360 a
1094 2313 1182 2376 primo
1203 2311 1227 2360 d
1345 2312 1408 2376 qaod

301 2381 453 2432 AODEFG
582 2385 726 2447 plerumque
745 2388 822 2434 soleat
840 2391 935 2433 tentare
954 2381 1167 2433 ABODFG‘Pet:
1192 2385 1337 2448 plerumque
1358 2392 1407 2432 ten-

300 2462 352 2504 tare
372 2457 450 2504 soleat
467 2453 494 2502 Ε
510 2453 637 2518 Ioannem,
662 2462 757 2505 tentare
776 2456 920 2520 plerumque
939 2455 1016 2504 soleat
1034 2455 1090 2518 Lp,
1110 2463 1205 2504 tentare
1224 2457 1302 2504 soleat
1320 2463 1351 2504 aot
1368 2453 1408 2503 dc-

299 2526 334 2576 ait
349 2529 493 2592 plerumque
511 2526 670 2592 florilegium
812 2528 947 2590 plerunque
972 2525 1034 2590 FL,
1058 2519 1122 2577 ‘daco
1145 2542 1171 2578 tt.
1196 2543 1217 2579 c.
1241 2519 1405 2590 plurimumq.'

298 2615 387 2664 margo
405 2599 430 2648 L
552 2602 568 2647 4
587 2607 708 2662 temptare
727 2597 763 2647 cic
782 2598 846 2649 BP:
865 2607 969 2648 temtare
986 2595 1016 2646 F
1119 2599 1262 2648 sacietatem
1279 2597 1312 2662 G,
1332 2599 1407 2648 socie-

299 2713 376 2756 tatem
394 2704 453 2768 AF,
472 2679 617 2755 sboictatem
635 2704 664 2752 D
772 2705 914 2768 impetrauit
931 2703 1071 2754 AODFda
1197 2707 1212 2752 5
1232 2707 1308 2754 uellet
1326 2704 1407 2753 uiuere

300 2775 487 2846 ABDFan,
499 2775 671 2843 florilegium:
691 2776 775 2825 uiuere
793 2777 868 2825 uellet
885 2775 980 2840 reliqui
1086 2777 1164 2825 isdem
1182 2775 1247 2825 BP:
1264 2772 1406 2835 hisdemF,

300 2884 392 2932 eisdem
412 2882 533 2947 Ioannes,
555 2863 643 2933 iisdem
663 2880 694 2944 G,
713 2883 779 2930 idem
791 2881 962 2947 florilegium,
981 2883 1067 2932 iisdem
1086 2881 1163 2932 ceteri
1269 2883 1407 2946 pudicitiam

299 2953 334 3017 B,
353 2953 500 3018 pudiciciam
519 2955 544 3002 A
648 2955 779 3018 adgressus
798 2953 834 3002 aie
852 2952 893 3003 B:
912 2969 1024 3017 agressus
1042 2952 1097 3002 AF
1182 2961 1220 3003 est
1239 2970 1287 3006 om.
1308 2970 1320 3002 a

301 3028 315 3073 6
335 3025 389 3087 aut]
403 3041 433 3073 ac
446 3026 471 3073 L
578 3026 700 3075 facundus
714 3031 760 3073 out
772 3026 893 3074 facundiis
906 3025 933 3075 P
1037 3026 1126 3075 ancilla
1138 3027 1245 3089 gratiam
1260 3026 1406 3074 conciliante

301 3103 456 3146 trommutot
472 3095 594 3146 Ioannes.
631 3097 777 3145 conciliante
793 3095 822 3144 F
926 3099 940 3144 8
960 3097 1088 3160 placidone
1107 3095 1140 3148 A.
1176 3103 1236 3146 aunt
1259 3094 1408 3160 Vei-quiana

300 3168 365 3220 Aen.
384 3166 459 3216 IIII
474 3169 508 3218 38
527 3175 552 3216 et
570 3169 603 3218 39
722 3170 736 3216 9
758 3175 835 3217 totum
853 3182 957 3218 uertunt
975 3185 1022 3217 ont.
1035 3167 1201 3234 florilegium,
1220 3167 1407 3224 Memmionua5

299 3255 345 3290 nee
364 3255 426 3289 rone
445 3238 487 3289 bic
505 3238 570 3304 qaid
589 3238 701 3289 declaret
710 3238 795 3303 focile
813 3238 884 3288 dictu
903 3247 945 3291 eat.
978 3241 1135 3289 consueueris
1150 3238 1267 3302 Cuperem
1279 3247 1311 3289 art
1323 3238 1408 3288 ualeat

299 3328 390 3364 uerene
409 3312 437 3362 itt
455 3311 561 3377 nuptiae
580 3309 691 3376 turpiter
810 3311 943 3359 consideris
961 3310 987 3360 P
1104 3313 1135 3360 10
1155 3312 1249 3360 diucius
1268 3309 1294 3358 P

299 3402 346 3435 nec
364 3386 398 3449 L,
416 3384 579 3435 membranae
598 3383 706 3436 Douaoe
835 3383 945 3445 quidem]
964 3383 1069 3446 primam
1088 3390 1113 3432 et
1129 3381 1158 3432 in
1175 3381 1292 3447 margine
1313 3383 1407 3444 primm

300 3455 329 3505 F
454 3459 542 3507 mulier
561 3455 671 3520 corporis
689 3461 787 3518 partem
807 3461 961 3502 tronamutot
979 3454 1012 3516 L,
1031 3454 1119 3503 muber
1136 3461 1233 3517 partem
1252 3455 1366 3516 corporis
1379 3467 1406 3515 p.

298 3531 387 3579 mulier
405 3529 524 3579 additum
542 3529 571 3578 in
588 3524 742 3592 margines}
851 3540 883 3573 ne
901 3526 965 3574 haec
984 3526 1082 3588 quidem
1101 3527 1220 3589 puerilem
1238 3531 1340 3588 partem
1358 3537 1406 3572 cor-

298 3602 365 3661 poris
384 3600 509 3650 Heinsius
531 3599 609 3650 onide
630 3589 731 3662 ‘inepta
749 3590 821 3655 loci',·
847 3597 956 3659 corporis
980 3595 1080 3645 delebat
1097 3594 1237 3649 Iacobaiua.
1275 3595 1407 3660 amplexata
1433 3618 1438 3630 ·

299 3670 385 3718 militia
409 3686 462 3724 nott
485 3671 565 3736 acopis
589 3667 721 3722 recusauit
744 3675 767 3716 ct
785 3665 908 3717 obtinuit
925 3683 1004 3731 quana
1023 3665 1106 3716 cibum
1124 3667 1179 3716 eiua
1323 3667 1407 3716 mulier

299 3754 383 3787 moror
401 3742 519 3790 abstinuit
538 3740 561 3791 O
667 3741 784 3790 abstinuit
799 3739 888 3803 prima
907 3738 992 3789 littero
1011 3746 1126 3788 correcta
1144 3737 1169 3788 L
1270 3741 1300 3786 ll
1323 3747 1406 3787 utrun-

299 3859 347 3909 que
367 3843 424 3896 FL.
461 3845 515 3894 noli
533 3853 657 3909 utcunque
672 3844 786 3909 probare
916 3846 1039 3893 latuerunt
1059 3843 1155 3908 GMe,
1174 3846 1298 3893 latuerant
1317 3843 1364 3894 aed
1381 3841 1406 3891 in

298 3915 415 3980 margine
427 3917 555 3965 iacuerunt
568 3916 593 3965 A
697 3920 728 3965 12
748 3933 823 3980 quam
837 3915 887 3965 FP
965 3915 1035 3964 'sed
1048 3923 1072 3965 ct
1085 3924 1185 3979 postero
1198 3931 1227 3964 ac
1239 3913 1404 3982 florilegium,

300 3987 341 4037 sed
361 3995 385 4034 et
402 3995 502 4050 postero
522 3989 596 4036 etiam
614 4004 645 4037 ao
663 3988 835 4039 Memmiadae
938 3995 1039 4051 postero
1058 3994 1082 4035 et
1098 3989 1170 4036 tertia
1189 3985 1301 4036 Ioannes

299 4075 329 4108 ac
348 4073 394 4110 ont.
414 4057 453 4117 L,·
472 4055 535 4106 otG
641 4061 717 4109 tercio
731 4058 756 4108 A
867 4061 897 4108 ta
916 4056 1084 4123 preclususF
1170 4057 1300 4108 scilicetL

299 4131 407 4194 quisquis
420 4129 453 4192 L,
466 4127 632 4194 florilegium,
651 4129 831 4194 Memmionua,
845 4130 925 4181 codem
938 4129 1059 4180 Dottaoe:
1077 4130 1179 4193 quisque
1192 4126 1273 4192 BPpt
1285 4127 1403 4188 Ioanne,

299 4205 319 4252 si
339 4202 392 4265 quis
405 4199 500 4265 reliqui
597 4202 742 4263 ignotasque
754 4202 785 4253 P.
818 4218 850 4252 ex
861 4203 951 4266 ignotis
964 4201 1118 4265 cognitisque
1131 4198 1266 4262 Adnue,
1287 4215 1319 4249 ex
1338 4203 1404 4264 igno·

300 4275 330 4323 tis
348 4274 509 4338 cognatisque
529 4269 561 4333 E,
581 4285 612 4320 ex
630 4271 721 4333 ignotis
740 4275 900 4336 cognatisque
918 4289 931 4321 a
948 4272 993 4324 ubi
1011 4272 1076 4321 notis
1094 4271 1158 4322 coni.
1177 4270 1322 4321 Sabacen
