3008 4962
296 461 360 501 ΧΙΙΙΙ

296 606 416 673 lepram,
433 595 553 674 denique
566 597 598 654 ia
611 599 672 656 ima
686 597 818 674 marpiuc
833 596 990 656 secundam
1004 593 1170 656 Dositbeum
1183 599 1374 674 mapistrum
1392 595 1421 655 in

296 701 467 782 proscholio
481 703 604 782 deposui
619 703 740 765 birrum.
767 711 796 764 et
810 703 946 764 dcmunxi
963 703 1091 782 capillos,
1118 711 1147 764 ct
1159 703 1201 764 sic
1211 704 1335 765 clevato
1349 723 1423 765 cen-

297 819 383 872 tronc
408 811 486 872 intro
506 811 548 871 ivi
575 818 604 872 et
625 811 753 892 primum
776 812 896 872 salutavi
916 819 1128 891 praeceptores
1164 812 1282 874 librum
1307 813 1421 892 accepi,

298 920 402 998 scripsi
419 919 585 998 quotidiana
602 921 679 998 (vide
693 923 861 998 interpretes
872 918 1001 981 Petronii
1014 939 1077 1000 cap.
1090 918 1156 996 81).
1187 920 1271 982 barac
1289 923 1422 982 codicem

297 1039 324 1089 et
337 1046 386 1107 epo
404 1026 521 1107 Gearpii
534 1026 671 1088 Guilelmi
683 1027 837 1107 Pluppersi
850 1028 985 1107 beneficio
1002 1030 1040 1089 ad
1054 1047 1098 1088 me
1114 1033 1332 1090 transmissam
1348 1040 1377 1090 et
1391 1034 1423 1089 ia

297 1155 383 1197 usum
398 1135 510 1197 Ottoais
524 1134 623 1195 labnii
635 1134 798 1196 Tbeodorus
809 1135 1003 1197 Mommseaus
1017 1135 1119 1198 leidae
1135 1137 1294 1218 dilipenter
1311 1157 1424 1200 encres·
1480 1147 1481 1160 ¹

297 1264 395 1306 umato.

277 1428 288 1474 t
383 1425 407 1474 t:
433 1414 561 1477 Petronii
581 1416 693 1476 Arbitri
707 1415 863 1496 Salpricaa
888 1417 994 1477 editum
1014 1415 1149 1495 Lacpduai
1167 1419 1247 1498 apud
1267 1417 1423 1480 Ioannem

302 1523 489 1584 Tornaesium
510 1542 586 1584 anno
606 1523 702 1594 1575,
724 1525 800 1604 quad
815 1523 916 1584 Caroli
928 1523 1041 1586 Halmii
1059 1523 1231 1588 liberalitate
1253 1530 1365 1607 accepi
1384 1545 1423 1586 ea
1480 1549 1481 1598 3

301 1630 470 1692 bibliotheca
484 1631 660 1694 Monacensi.
691 1651 744 1693 scra
762 1635 793 1693 in
808 1636 958 1713 prooemio
977 1624 1299 1696 saracenatorum
1321 1636 1423 1696 edocet

301 1741 339 1802 ad
358 1759 478 1804 martum
497 1741 555 1802 sibi
570 1743 660 1820 fuisse
680 1718 876 1821 cuemplaria,
893 1744 1074 1820 primariam
1093 1753 1119 1802 ct
1137 1746 1421 1806 vetustissimarum

301 1849 478 1910 membranis
493 1850 676 1929 descriptum,
693 1841 818 1911 allorum
833 1847 934 1910 iacobi
947 1849 1129 1930 Dalecampii
1141 1852 1217 1930 quad
1232 1853 1421 1914 imitandam

301 1963 395 2038 operis
407 1960 578 2028 tradidisset,
594 1961 708 2018 tertium
721 1959 923 2036 Antocrpiense
934 1958 1080 2034 Sambatai,
1096 1971 1232 2038 quartam
1244 1959 1421 2021 Parisicusc

301 2070 374 2126 anai
386 2065 489 2138 tata,
504 2076 596 2126 cetera
606 2067 781 2146 srapmerata.
811 2065 917 2127 barum
928 2069 1068 2144 primam,
1085 2069 1161 2146 puod
1171 2078 1333 2148 postquam
1348 2071 1418 2149 sor-

300 2177 355 2234 mis
378 2173 486 2234 librum
502 2173 663 2235 describere
679 2176 768 2254 coepit
782 2184 884 2234 noctus
898 2185 938 2235 est
949 2165 980 2234 ‘a
996 2175 1156 2236 clarissimo
1172 2179 1237 2237 viro
1254 2181 1307 2238 cui
1321 2195 1379 2238 uos
1394 2187 1420 2236 et
1480 2253 1481 2262 ἵ

301 2293 436 2362 praotpuot
446 2281 546 2362 iliauos
556 2281 746 2342 Musarumae
760 2281 836 2361 filios
850 2292 877 2342 et
893 2282 1026 2343 aliamaos
1040 2287 1072 2342 in
1086 2282 1195 2344 borrore
1209 2283 1329 2358 babent,
1347 2296 1418 2346 tan-

302 2403 362 2452 tum
382 2368 514 2452 debemus
534 2400 673 2470 quantam
692 2393 745 2450 aru
766 2391 824 2452 elici
837 2381 943 2468 potest³
959 2393 1142 2452 -indicari
1160 2403 1255 2453 autem
1269 2392 1418 2455 iacobum

271 2511 293 2563 T
305 2500 454 2560 Cuiacium
472 2501 640 2560 euistimaut
654 2533 695 2542 -
709 2497 757 2558 ille
778 2519 804 2558 a.
827 2518 849 2559 c.
870 2502 992 2569 notavit,
1016 2517 1066 2578 epo
1089 2498 1117 2559 Τ.
1138 2504 1169 2560 iu
1189 2505 1324 2580 aeorpa'ae
1346 2519 1418 2562 suas

305 2607 477 2669 Tornaesius
497 2608 678 2688 aberamque
701 2611 879 2670 cortiacturas
894 2618 919 2666 et
934 2607 1055 2678 scbolr'u,
1075 2612 1286 2687 pertinatiam
1302 2628 1417 2672 martra-

281 2770 284 2776 .
302 2721 476 2798 scriptorum
493 2716 624 2777 lectiones
640 2717 779 2795 adposuit

275 2919 291 2970 p
386 2905 423 2966 p:
443 2885 573 2946 Petronii
591 2885 703 2944 Arbitri
720 2885 875 2963 Satpricau
895 2887 1000 2946 alitum
1021 2907 1085 2946 auat
1111 2887 1255 2948 catrrlcctis
1280 2900 1415 2950 aeterum

302 2996 487 3075 quorundam
505 3005 660 3074 poetarum
679 2991 803 3054 Lutetiae
824 2995 903 3072 apud
922 2992 1097 3055 Mamertum
1116 2995 1309 3057 Pata'ssom'um
1334 3014 1414 3058 analo
1426 3033 1440 3046 ·

304 3102 393 3164 1587.
426 3104 641 3165 admira'straait
654 3100 728 3162 banc
744 3101 894 3162 editionem
908 3107 1173 3184 commeraturiispue
1186 3109 1312 3177 ornavit,
1329 3123 1415 3187 quem

303 3215 334 3272 in
345 3211 585 3293 praefatiuncula
601 3209 797 3290 tppoprapbus
813 3211 978 3290 adloquitur
989 3211 1089 3273 Petras
1101 3211 1241 3286 Pittacus,
1257 3233 1317 3275 aton
1328 3233 1414 3295 quem

300 3323 431 3402 plerique
447 3331 575 3382 statuuat
589 3318 713 3381 Ioanraes
727 3319 916 3382 Passeratius.
948 3322 1058 3382 adiecta
1072 3325 1104 3382 in
1117 3322 1175 3401 fine
1191 3321 1262 3383 libri
1271 3315 1415 3384 ‘aara'etas

304 3421 471 3494 lectionaan'
485 3441 604 3510 practer
620 3429 766 3491 breuiores
778 3441 982 3510 cacerptorum
994 3429 1084 3491 libros
1096 3431 1173 3491 uelut
1185 3430 1410 3494 Altissr'arlurcn-

173 3569 294 3608 aaronita
304 3560 362 3602 sem
378 3551 403 3601 at
417 3539 579 3600 Bituricum
595 3550 712 3619 praesta
733 3537 781 3599 illi
799 3541 887 3616 (uisse
904 3541 1024 3602 ostendit
1033 3540 1179 3620 pleniores
1195 3541 1273 3612 dacos,
1292 3540 1412 3602 Tolosa—

199 3679 270 3738 tem
305 3669 375 3711 num
394 3659 420 3710 et
439 3659 519 3710 vetars
534 3648 748 3710 Beraerlictiaum
763 3648 913 3728 caenaplar
928 3653 987 3709 siaa
1002 3661 1083 3710 oetas
1096 3649 1247 3728 caeruplar
1262 3653 1320 3711 siae
1335 3660 1411 3710 aete-

187 3729 269 3767 ΡΜ
306 3777 375 3820 rem.
406 3778 420 3819 e
446 3758 550 3839 quibus
567 3756 739 3818 Tolosanum
764 3776 823 3818 aton
845 3762 1018 3838 pertinuisse
1041 3777 1096 3836 per
1121 3768 1193 3818 totas
1218 3762 1325 3819 satiras
1346 3757 1412 3819 iude

307 3871 489 3949 cartsepaitur
510 3867 585 3947 quod
606 3867 645 3925 acl
661 3886 691 3944 p.
705 3868 755 3940 50,
773 3868 790 3926 2
807 3865 940 3926 Pitboeas
951 3857 1177 3925 ‘berredo'ctinum
1199 3877 1277 3928 octies
1292 3871 1411 3930 arcticum

305 3977 358 4038 iras
373 3980 404 4036 ia
415 3987 501 4056 parte
516 3965 681 4054 eueraplar'
699 3973 859 4053 adscripsit.

391 4170 466 4232 Mili
484 4173 596 4231 tametsi
613 4173 644 4229 in
664 4172 772 4230 incerto
793 4181 833 4231 est
847 4169 1067 4250 relinquendum
1083 4189 1153 4231 rtaraa
1167 4169 1253 4248 plone
1268 4172 1358 4232 isdem
1374 4169 1411 4230 li·

306 4282 367 4342 bris
385 4279 515 4358 Scaliper
536 4278 709 4340 Tornaesius
730 4277 861 4340 Pitboeus
881 4282 929 4338 usi
948 4281 1004 4339 sint
1025 4299 1062 4338 aa
1081 4299 1118 4339 oro
1137 4291 1219 4358 porte
1240 4281 1363 4341 diuersis
1385 4288 1410 4337 at
