3022 4956
310 450 351 512 56
787 441 943 496 Pdrllollll
1033 524 1042 534 ⁶

311 618 468 684 queremur
481 597 707 671 laudationibus
719 588 824 675 ‘rogo'
839 598 933 677 inquit
943 589 1156 677 ‘Agamemnon
1171 598 1244 660 mibi
1261 599 1436 673 carissimus

309 699 453 779 numquid
472 697 628 759 duodecim
649 714 802 756 aerumnas
818 697 950 758 Herculis
970 705 1053 758 tenes
1074 704 1123 757 aut
1143 697 1178 757 de
1193 697 1274 759 Vlixe
1285 699 1410 771 fabulam,

310 797 557 879 quemadmodum
584 795 622 855 illi
648 793 770 873 Cyclops
797 794 931 874 pollicem
957 795 1090 873 poricino
1111 795 1253 857 extorsit?
1290 797 1411 857 solebam

309 899 381 959 haec
393 914 446 976 ego
461 914 536 975 puer
551 901 621 973 aput
636 893 797 953 Homerum
812 893 916 970 legere.
946 910 1014 953 narn
1032 894 1169 972 Sibyllam
1186 894 1304 973 quidem
1321 893 1410 955 Cumis

310 1015 363 1075 ego
379 995 441 1074 ipse
457 993 549 1054 oculis
564 991 637 1052 meis
653 989 710 1050 vidi
726 989 756 1050 in
772 992 897 1071 ampulla
913 993 1053 1072 pendere,
1070 1000 1098 1053 et
1110 1011 1176 1053 curn
1188 993 1226 1052 illi
1239 992 1325 1071 pueri
1340 992 1436 1054 dice-5

310 1102 389 1156 rent:
405 1085 561 1173 Σίβυλλα,
577 1084 611 1151 ai
626 1083 743 1162 θέλεις
749 1110 760 1163 ,·
776 1090 973 1169 respondebat
987 1092 1046 1152 illa:
1064 1083 1250 1152 ἀποθανεῖν
1265 1083 1365 1152 θέλω.

255 1197 295 1259 49
395 1191 529 1251 nondum
552 1189 700 1250 elllavcrat
720 1189 833 1260 omnia,
850 1207 917 1249 cum
933 1190 1142 1268 repositorium
1160 1208 1228 1250 cum
1243 1208 1296 1250 sue
1310 1188 1412 1266 ingenti

310 1307 444 1350 mensam
465 1288 625 1367 occupavit.
655 1286 754 1347 mirari
774 1304 829 1345 nos
851 1285 1024 1347 celeritatem
1046 1288 1197 1366 coepimus
1219 1294 1248 1348 et
1267 1288 1363 1348 iurare
1381 1305 1412 1346 ne

310 1387 414 1466 gallum
436 1387 553 1464 quidem
574 1385 759 1464 gallinaceum
779 1391 839 1444 tam
855 1384 913 1444 cito
929 1385 1068 1465 percoqui
1085 1386 1232 1464 potuisse,
1254 1393 1337 1447 tanto
1354 1386 1412 1465 qui-

310 1484 377 1545 dem
393 1484 500 1561 magis,
523 1484 602 1564 quod
621 1485 707 1561 longe
726 1482 821 1542 maior
835 1482 920 1544 nobis
936 1502 1045 1562 porcus
1061 1484 1212 1545 ridebatur
1228 1503 1308 1556 esse,
1330 1502 1410 1562 quaxn
1426 1489 1449 1539 lt

311 1583 397 1661 paulo
414 1589 478 1642 ante
494 1602 564 1663 aper
579 1584 681 1644 luerat.
713 1582 817 1642 deinde
832 1581 923 1659 magis
940 1582 1093 1661 magisque
1107 1582 1286 1643 Trimalchio
1302 1583 1411 1643 intuens

312 1699 377 1742 euru
390 1671 494 1760 ‘quidi
510 1673 614 1762 quid?'
631 1680 725 1759 inquit
736 1672 856 1758 ‘porcus
872 1681 919 1740 hic
934 1698 994 1741 non
1007 1689 1052 1742 est
1062 1678 1263 1742 exinteratus?
1279 1697 1341 1740 non
1355 1699 1412 1740 me-

310 1779 442 1840 hercules
466 1788 519 1842 ast
549 1799 633 1850 voca,
657 1797 727 1839 voca
751 1797 855 1838 cocum
878 1778 908 1838 in
931 1769 1047 1840 medio?
1084 1798 1150 1840 curn
1178 1779 1358 1840 constitisset
1381 1777 1411 1838 ad

311 1895 442 1938 mensam
460 1896 549 1941 cocus
564 1875 656 1937 tristis
673 1883 701 1936 et
717 1876 826 1938 diceret
841 1896 872 1936 se
888 1878 1010 1939 oblitum
1027 1897 1092 1938 esse
1107 1878 1281 1950 eximerere,
1306 1869 1411 1957 ‘quiet

311 1967 454 2035 oblitus‘i'
483 1974 659 2035 Trimalchio
680 1973 819 2034 exclamat
834 1966 937 2052 ‘putes
952 1976 1032 2036 illurn
1048 1977 1131 2057 piper
1146 1985 1175 2038 et
1191 1977 1340 2037 cuminum
1356 1991 1410 2035 non
1427 1983 1447 2032 15
1499 2015 1500 2072 q

311 2073 480 2134 coniecisse.
504 2063 652 2151 despolia’
679 2089 739 2131 non
761 2073 794 2132 sit
814 2090 912 2146 mora,
933 2073 1111 2154 despoliatur
1130 2092 1218 2135 cocus
1239 2082 1325 2154 atque
1343 2073 1412 2134 inter

311 2171 386 2231 duos
412 2177 539 2231 tortores
567 2178 695 2232 maestus
718 2170 863 2232 consistit.
898 2172 1046 2251 deprecari
1068 2179 1164 2232 tamen
1188 2191 1293 2232 omnes
1314 2189 1412 2249 coepe·

271 2259 274 2264 ’
310 2275 380 2328 runt
405 2275 433 2328 et
459 2269 568 2329 dicere:
596 2261 683 2330 ‘solet
709 2271 784 2342 lieri;
811 2288 965 2349 rogamus,
991 2272 1104 2345 mittas;
1130 2279 1234 2350 postea
1261 2271 1286 2332 si
1311 2269 1411 2340 iecerit,

311 2384 399 2428 nemo
415 2374 551 2427 nostrum
568 2386 621 2447 pro
638 2368 685 2429 illo
698 2359 831 2447 rogabit?
860 2387 924 2448 ego,
941 2369 1159 2430 crudelissimae
1174 2369 1342 2442 severitatis,
1356 2384 1411 2428 non

310 2467 393 2546 potui
409 2485 456 2527 me
470 2474 582 2540 tenere,
603 2467 654 2528 sed
670 2467 824 2527 inclinatus
840 2468 874 2528 ad
887 2487 985 2528 aurem
1001 2467 1229 2546 Agamemnonis
1241 2457 1351 2546 ‘plane'
1366 2466 1409 2525 in·
1423 2475 1448 2525 rt

309 2585 396 2647 quarn
418 2558 483 2628 ‘hic
508 2567 595 2628 debet
621 2584 722 2626 servus
746 2584 811 2626 esse
831 2566 1044 2644 nequissimus;
1070 2566 1173 2646 aliquis
1201 2566 1411 2628 oblivisceretur

309 2685 433 2745 porcum
449 2662 630 2727 exinterare?
646 2682 707 2725 non
719 2664 899 2725 mehercules
912 2664 950 2724 illl
962 2664 1156 2743 ignoscerem,
1171 2666 1196 2726 si
1207 2665 1319 2745 piscem
1332 2682 1410 2743 prae·

538 2789 610 2796 -..-.-

384 2835 395 2881 l
417 2847 557 2897 sgamenon
571 2831 605 2880 H
706 2831 740 2878 mi
759 2829 884 2879 Heinsius
992 2833 1007 2878 2
1027 2831 1137 2894 nunquid
1150 2830 1184 2879 H
1286 2845 1410 2894 erumpnas

311 2899 344 2951 H
458 2906 472 2951 3
492 2904 583 2965 ciclops
602 2900 636 2951 H
640 2933 647 2954 t
743 2903 858 2965 podicem
877 2901 951 2950 ericio
971 2902 1071 2950 extersit
1089 2901 1223 2951 Iacobsius
1242 2903 1289 2969 qui
1306 2902 1410 2967 penicillo

310 2971 445 3022 adsumere
464 2972 570 3024 debebat
586 2972 710 3037 speciose,
727 2974 842 3035 podicem
861 2968 937 3021 eiiam
957 2971 1070 3022 Oriolius
1084 2989 1113 3036 p.
1129 2977 1163 3023 26
1306 2973 1411 3038 penicillo

311 3043 447 3094 Beiuesius
471 3061 524 3094 non
541 3041 755 3108 improbabiliter,
778 3045 902 3107 porricino
927 3061 944 3092 a
967 3060 1049 3108 porro
1072 3044 1185 3094 deducta
1207 3053 1269 3094 nota
1293 3043 1411 3094 mentulas

312 3114 409 3165 Oriciio
426 3116 454 3165 iu
471 3123 577 3165 mentem
595 3121 709 3176 uenerat,
728 3117 795 3178 porri
814 3117 886 3164 cinno
900 3123 946 3165 aut
962 3117 1067 3180 eondylo
1080 3115 1136 3168 Ia-e.
1151 3115 1306 3181 Gronouius,
1325 3117 1411 3178 lorcipc

311 3195 358 3238 cut
374 3203 418 3251 per
430 3188 513 3236 iocum
526 3185 654 3235 Studenas
668 3202 698 3248 p.
713 3188 754 3238 15.
791 3188 896 3235 soricino
915 3186 945 3235 ici
963 3195 999 3236 est
1018 3183 1089 3256 posiq
1103 3187 1228 3237 Heinsius
1240 3196 1265 3237 et
1275 3189 1372 3253 porcino
1385 3184 1411 3234 id

309 3267 346 3309 est
356 3259 385 3308 in
391 3276 503 3324 porcum
514 3265 610 3309 mutato
621 3255 748 3307 Antonius
759 3257 825 3306 male
841 3257 943 3306 Vlixem
956 3259 1100 3324 cogitantes.
1119 3258 1202 3308 subest
1214 3260 1280 3308 euim
1290 3259 1411 3308 ablatiuus

308 3331 471 3384 instrumenti
560 3333 576 3378 4
595 3328 745 3378 sibillamH
847 3331 861 3377 b
882 3332 990 3394 ampollc
1008 3330 1043 3379 H.
1082 3331 1194 3394 Ampelii
1213 3330 1291 3380 VIII
1307 3335 1338 3381 tc
1356 3329 1411 3378 bene

250 3428 252 3432 ·
310 3405 467 3456 Munclrerus
485 3403 637 3453 meminerat
727 3403 740 3449 6
762 3401 840 3449 sibilla
858 3407 882 3448 te
901 3403 966 3450 thille
985 3409 1009 3451 et
1026 3402 1055 3451 in
1071 3402 1188 3467 margine
1208 3405 1225 3451 ti
1241 3404 1314 3452 thehs
1327 3404 1341 3453 i.
1358 3401 1411 3464 quid

309 3478 346 3527 uis
358 3476 392 3526 H
474 3492 523 3540 spo
537 3478 597 3526 than
617 3476 643 3524 in
661 3473 719 3523 helo
738 3480 763 3522 et
779 3471 808 3522 iu
825 3472 942 3537 margine
959 3489 1007 3537 spo
1020 3475 1091 3522 thani
1108 3475 1174 3522 tholo
1189 3475 1204 3523 i.
1218 3475 1310 3523 moriar
1321 3473 1352 3522 H
1498 3529 1499 3536 ἵ

310 3548 499 3598 lNundumH
565 3548 692 3597 efflauerat
705 3543 740 3609 H,
753 3561 806 3593 nou
819 3545 995 3608 efficeretque
1008 3545 1139 3609 scriptura
1151 3544 1284 3608 Heinsius,
1299 3542 1410 3603 Iahnius,
1498 3569 1499 3574 =

310 3633 355 3682 epo
372 3627 402 3667 ut
420 3621 543 3667 effutierit
562 3618 732 3668 coniceremus
751 3614 859 3664 adcincti
878 3630 987 3668 eramus.
1025 3618 1145 3666 effuderat
1163 3616 1298 3667 Iacodsius

311 3691 325 3736 9
354 3690 512 3749 gallinacium
536 3688 570 3738 H
586 3696 616 3737 ut
637 3687 758 3737 scribitur
781 3687 809 3736 in
833 3686 905 3736 titulo
929 3686 1019 3737 Orellii
1044 3689 1114 3737 4330
1256 3688 1369 3754 fortusse
1390 3691 1410 3735 et

309 3765 378 3807 tento
469 3761 499 3806 11
520 3774 581 3822 aper
598 3759 627 3808 in
645 3775 702 3823 cap.
716 3761 751 3808 40
764 3759 914 3822 appositus:
933 3767 1081 3824 apposuerat
1098 3757 1223 3809 Heinsius
1315 3763 1345 3809 12
1364 3771 1410 3808 sec·

814 3847 825 3874 θ

309 3897 368 3931 oum
390 3879 514 3930 Heinsius
638 3885 671 3930 14
689 3875 828 3947 exinterari
846 3881 882 3931 H
994 3886 1024 3932 16
1045 3897 1120 3932 cuens
1141 3880 1172 3932 H
1286 3884 1317 3932 18
1336 3883 1410 3931 mitras

310 3951 446 4004 Heinsius:
466 3953 547 4001 mittes
566 3951 600 4002 H
687 3958 717 4004 19
734 3945 851 4004 ‘uidetur
869 3953 910 4004 bic
929 3954 1054 4004 eccidisse
1073 3963 1140 4003 metu
1158 3953 1201 4003 uei
1218 3969 1245 4003 re
1264 3953 1308 4005 uei
1324 3961 1411 4018 spectu·

309 4025 379 4084 culo,
402 4023 445 4072 uei
467 4022 630 4072 scribendum
651 4027 833 4075 crudelissimae
857 4041 916 4089 ergo
936 4017 1082 4075 seueritatis'
1105 4024 1238 4076 Heinsius.
1259 4010 1353 4075 ‘horno
1372 4019 1411 4074 ad

310 4093 424 4146 ciendum
435 4094 584 4160 capitatione
597 4110 648 4145 esse
661 4095 796 4147 Iacobsius
807 4098 906 4147 monuit
919 4098 1016 4147 conlato
1029 4096 1151 4147 Suetonio
1161 4097 1259 4146 Domit.
1274 4101 1306 4147 15
1315 4113 1359 4162 pr.

310 4203 343 4253 20
368 4216 454 4252 aurern
478 4173 636 4270 agaiinonis
654 4199 688 4251 H
826 4205 857 4252 22
877 4203 971 4265 piscem
989 4204 1092 4253 teruncii
1111 4202 1154 4252 uel
1170 4204 1254 4254 tressis
1273 4203 1412 4267 perdidisset

308 4272 440 4328 Heinsius.
476 4275 609 4337 praeterire
628 4280 663 4322 est
681 4271 796 4324 obliuisci
815 4273 961 4324 exinterure
