3078 4956
605 479 815 532 FRAGMENTA

315 630 362 691 sit
375 638 458 692 torus
467 621 503 692 'et
517 632 581 693 lecti
595 632 697 710 genius
714 640 881 713 secretaque
895 635 996 715 longa,

364 728 446 807 queis
462 735 560 790 tenera
575 730 606 791 in
622 738 757 793 nostmm
773 732 885 793 veneris
901 734 1061 795 arbitrium.

247 841 264 889 5
315 843 390 904 ergo
407 845 459 905 age
475 828 627 902 duremus,
642 830 773 909 quamvis
788 829 945 891 adoleverit
960 837 1052 904 aetas,

363 931 538 1006 utamurque
553 927 637 988 annis
653 946 729 1006 quos
745 946 829 990 mora
844 947 933 1007 parva
948 937 1035 990 tenet.

315 1021 365 1082 fas
380 1029 409 1083 et
422 1023 486 1084 iura
503 1023 604 1085 sinunt
619 1031 731 1086 veteres
748 1026 904 1086 extendere
919 1044 1049 1100 amores3

361 1121 408 1182 iac
423 1120 480 1181 cito
496 1121 574 1199 quod
592 1129 729 1201 coeptum
745 1129 805 1197 est,
821 1141 882 1186 non
898 1125 955 1185 cito
972 1124 1105 1186 desinere

208 1241 335 1289 Petronii
353 1240 481 1290 Binetus:
505 1240 567 1291 uide
585 1241 736 1292 Burmanni
760 1243 854 1293 anthol.
875 1243 931 1293 III
947 1247 999 1294 203
1144 1248 1158 1295 3
1178 1248 1263 1311 lingua

138 1323 228 1373 usurpo
252 1311 358 1374 Binan,
378 1314 474 1376 sponda
493 1311 624 1362 Heinsius.
643 1331 705 1364 num
726 1316 820 1380 lampas
840 1313 852 1364 i
942 1319 957 1365 6
978 1325 1038 1366 teret
1058 1316 1192 1368 Pantanus

138 1379 212 1429 diss
233 1379 412 1433 Schraderus
450 1382 614 1447 fortassean

688 1558 709 1618 L
719 1557 733 1588 ’l‘

295 1655 415 1734 parvula
431 1675 535 1717 securo
551 1657 656 1734 tegitur
671 1655 743 1715 mibi
759 1656 884 1717 culmine
899 1659 992 1719 sedes.

296 1753 370 1814 dant
383 1753 458 1814 rami
475 1771 605 1827 cerasos,
622 1753 692 1814 dant
707 1754 781 1814 mala
796 1754 928 1816 rubentia
945 1756 1046 1828 silvae,

296 1868 409 1929 uvaque
425 1849 508 1928 plena
525 1869 606 1912 mero
623 1851 746 1912 fecunda
763 1853 871 1930 pendet
887 1852 922 1913 sb
938 1853 1033 1926 ulmo,

297 1947 516 2026 Palladiumque
532 1966 635 2009 nemus
652 1949 753 2028 pingui
769 1969 800 2010 se
817 1951 921 2010 vertice
935 1951 1052 2030 frangit.

298 2046 356 2106 iam
372 2064 427 2124 qua
444 2045 578 2107 diductos
594 2053 676 2124 potat
686 2048 756 2108 levis
772 2065 837 2108 area
852 2047 964 2123 fontes,

296 2143 449 2222 Corycium
465 2141 537 2203 mihi
553 2145 647 2221 surgit
662 2145 726 2206 olus
742 2144 909 2224 malvaeque
925 2148 1046 2224 supinae

297 2248 326 2301 et
340 2259 401 2302 non
418 2240 558 2302 sollicitos
574 2241 700 2304 missura
716 2261 856 2323 papavera
872 2262 1006 2306 somnos.

296 2349 445 2419 praeterea
460 2339 519 2400 sive
534 2339 650 2402 alitibus
668 2347 821 2402 contexere
835 2342 967 2403 fraudem

298 2455 350 2498 seu
365 2437 459 2516 magis
474 2436 593 2498 inbelles
609 2438 692 2500 libuit
707 2439 887 2500 circumdare
903 2457 1018 2511 cervos,

299 2542 350 2596 aut
363 2535 445 2597 tereti
459 2534 519 2595 lino
536 2535 671 2614 pavidum
687 2536 850 2598 subducere
865 2537 990 2616 piscem,

296 2634 352 2694 hos
366 2639 480 2695 tantum
496 2650 604 2698 novere
620 2634 705 2696 dolos
720 2654 784 2697 mea
800 2635 919 2696 sordida
933 2653 1009 2696 rura.

297 2732 305 2791 i
320 2740 443 2793 nuncet
458 2732 531 2792 vitae
544 2731 682 2810 fugientis
692 2741 830 2812 tempora
845 2733 937 2794 vende

297 2829 433 2892 divitibus
450 2829 538 2893 cenis.
568 2849 615 2892 me
631 2829 655 2890 si
672 2836 771 2892 manet
786 2830 894 2904 exitus,
910 2830 986 2892 idem

295 2929 357 3003 bic,
373 2946 491 3008 precor,
508 2927 636 2990 inveniar
651 2936 882 3009 consumptaque
895 2935 1031 3006 tempora
1046 2947 1153 3008 pascar

218 3077 349 3150 ‘Scaliger
372 3085 401 3135 in
424 3083 525 3134 schedis
548 3085 601 3134 suis
626 3100 657 3135 eu
682 3085 788 3151 uisuque
815 3085 899 3136 codice
918 3085 1091 3150 descripserat
1108 3095 1133 3138 et
1149 3090 1259 3139 Petronii

152 3164 203 3202 esse
226 3149 378 3206 notauerui'
400 3155 572 3206 Bumnunnus
597 3157 691 3206 anthol.
712 3157 768 3206 III
784 3161 817 3207 61
843 3158 889 3221 qui
912 3157 956 3206 bos
979 3174 1069 3208 stersus
1094 3159 1204 3209 camnini
1228 3162 1259 3210 de

151 3223 203 3273 uite
221 3229 354 3290 tranquille
378 3227 421 3276 uel
445 3228 474 3276 de
498 3224 564 3276 bono
589 3229 652 3276 uitae
671 3229 808 3278 humilioris
819 3229 894 3292 facto
913 3227 1020 3278 subiecit
1036 3231 1094 3278 item
1114 3229 1259 3292 inscriptos.

151 3293 229 3347 simul
240 3296 404 3348 Pelleierium
422 3297 504 3346 tradit
521 3297 632 3347 edidisse
650 3299 695 3366 sub¹
714 3300 815 3349 nmnine
827 3301 941 3350 Pentsdii
953 3301 1027 3350 cuius
1039 3299 1068 3348 in
1079 3301 1259 3362 possessionem

153 3362 275 3420 bonorum
300 3369 404 3434 saepius
423 3369 572 3418 Petronium
595 3369 726 3419 mittebant
746 3369 857 3422 librarii.
894 3369 979 3419 eodem
1002 3369 1073 3418 ualet
1094 3371 1260 3420 testimonium

153 3441 222 3498 quoa
239 3441 411 3491 Burmannus
428 3438 467 3488 ad
483 3439 578 3490 mstbol.
597 3440 632 3490 II
635 3440 654 3490 I
668 3443 718 3490 105
738 3441 813 3504 dimit,
831 3441 877 3490 boc
896 3455 998 3490 aaronem
1017 3447 1041 3488 et
1058 3439 1110 3490 duo
1128 3441 1175 3491 illa
1192 3457 1259 3505 quae

68 3533 71 3536 ·
152 3519 274 3562 secuntur
297 3512 326 3561 in
350 3510 478 3561 codicibus
502 3512 684 3575 manuscriptis
708 3511 828 3562 Petronio
852 3512 929 3562 etiam
950 3511 1070 3574 inscribi,
1094 3529 1111 3561 a
1129 3513 1260 3563 nonnuliis

155 3577 216 3633 duri
232 3581 361 3634 Pentadio
472 3587 483 3630 l
504 3591 599 3632 secreto
618 3585 706 3647 legitur
723 3583 834 3634 malebat
850 3582 975 3633 Halmius
1086 3586 1101 3632 2
1123 3587 1137 3633 3
1156 3585 1259 3634 inuersa

154 3653 244 3704 ordine
262 3653 404 3704 edebantur
528 3655 588 3702 dant
605 3669 684 3717 pruna
703 3663 727 3704 et
746 3670 844 3704 cerasos
865 3653 1064 3718 Oudendorpius
1186 3657 1200 3703 3
1221 3657 1258 3705 is·

155 3727 234 3774 eunde
253 3725 400 3774 Vossianus.
429 3725 496 3775 loeta
515 3726 637 3788 dependet
655 3728 686 3774 sb
705 3728 772 3783 ulmo
785 3725 955 3776 Bumnaunus
973 3723 1099 3774 secundus
1190 3727 1204 3775 5
1225 3729 1259 3777 di-

155 3793 240 3846 ductos
260 3796 415 3846 Vossianus.-
433 3796 551 3844 deductos
570 3796 646 3846 ceteri
754 3800 768 3846 6
789 3796 821 3861 cf.
841 3796 936 3862 Vespili
952 3812 1035 3861 penny.
1052 3795 1126 3845 IIII
1137 3801 1187 3848 127

156 3863 170 3911 8
190 3869 240 3918 siue
259 3869 355 3917 alitibus
375 3868 487 3916 fraudem
506 3875 639 3917 contexere
658 3875 786 3932 praeterea
811 3868 950 3917 Vossianus
969 3875 993 3916 et
1003 3867 1111 3918 sobeslau
1123 3867 1258 3933 deniqui,

156 3936 175 3983 si
193 3954 252 3988 nero
277 3939 373 3988 alitibus
398 3939 510 3986 &audem
529 3946 661 3988 contexere
681 3937 693 3966 *
712 3948 839 4003 praeterea
857 3937 985 4003 Scaliperi
1003 3938 1151 4004 Pithoeique
1170 3939 1259 3990 editio·

156 4021 212 4058 nes:
230 4008 378 4060 emendauit
398 4007 604 4072 Oudendorpius'
697 4012 782 4059 ilheu
806 4009 944 4060 Vossianus
1043 4014 1140 4061 macula
1158 4011 1259 4060 inbelles

156 4076 278 4130 Heinsius
383 4082 458 4130 libeat
470 4079 640 4130 Bumnunnus
651 4079 779 4130 secundus
888 4083 919 4130 ll
932 4079 1046 4144 fortasse
1065 4083 1170 4130 candide.

159 4150 189 4200 ts
202 4152 323 4216 fugiendis
342 4150 481 4201 Vossimsus
493 4150 636 4201 stsabedae
727 4154 758 4200 ts
767 4159 829 4215 post
839 4152 905 4201 idem
917 4151 1038 4202 distinuit
1049 4151 1170 4202 Pitboeus

160 4223 190 4270 14
207 4223 317 4272 inueniat
341 4221 479 4272 Vossianus
497 4229 522 4272 et
537 4221 645 4272 schedae
743 4232 830 4287 poscat
854 4222 1000 4276 Vossianus.
1031 4239 1123 4287 ponam
1137 4221 1258 4286 Klotsius,

157 4295 266 4343 membre
284 4307 404 4357 reponam
421 4292 591 4345 Burmannus
602 4300 718 4358 patrum

208 4373 307 4418 Petronii
320 4373 399 4426 satirae
1028 4379 1058 4430 15
