3078 4956
279 377 341 438 200
756 369 913 435 ruruoun

278 530 379 610 pipere
395 535 481 608 atque
495 525 604 589 urticae
618 527 688 587 trito
705 525 897 589 circumdedit
911 525 1033 602 semine,
1048 527 1188 605 paulatim
1201 528 1298 608 coepit
1308 528 1391 590 inse·
1410 537 1440 588 L

280 646 345 690 rere
361 645 418 688 ano
434 643 500 686 meo

364 725 421 785 hoo
436 722 635 786 crudelissima
652 741 724 784 anus
740 725 851 804 spargit
865 724 991 786 subinde
1005 725 1129 788 humore
1144 725 1253 787 femina
1268 745 1334 788 mea

824 840 849 882 *-

365 908 503 970 nasturcii
519 925 639 970 succum
655 925 722 969 curn
739 907 883 972 abrotono
899 909 1003 970 miscet

365 1008 552 1089 perfusisque
566 1007 734 1086 inguinibus
750 1007 822 1068 meis
836 1006 936 1069 viridis
949 1008 1057 1068 urticae
1067 1008 1178 1069 fascem
1191 1010 1391 1088 comprehen-
1411 1018 1431 1066 5

281 1108 324 1170 dit
339 1108 495 1186 omniaque
510 1105 586 1168 infra
600 1105 770 1168 umbilicum
787 1107 883 1186 coepit
898 1107 975 1168 lenta
992 1125 1080 1168 manu
1096 1106 1215 1169 caedere

825 1221 844 1263 e

367 1290 495 1353 aniculae
510 1289 642 1369 quamvis
658 1289 770 1351 solutae
786 1308 868 1352 mero
880 1309 914 1353 ac
924 1290 1044 1352 libidine
1055 1297 1162 1365 essent,
1176 1292 1298 1353 eandem
1315 1293 1395 1354 riam
1469 1271 1477 1283 ’

281 1394 396 1450 tentant
414 1394 443 1448 et
461 1406 514 1467 per
533 1388 644 1468 aliquot
663 1388 743 1448 vicos
764 1396 879 1450 secutae
892 1391 1051 1470 fugientem
1064 1384 1192 1470 ‘prende
1206 1383 1314 1451 furem'
1332 1393 1394 1454 cla-

283 1492 374 1547 mant
408 1487 488 1548 evasi
513 1495 612 1549 tamen
639 1486 777 1548 omnibus
804 1487 899 1568 digitis
926 1491 1001 1551 inter
1025 1489 1213 1569 praecipitem
1232 1491 1396 1552 decursum

283 1583 441 1646 uueutatis
1417 1599 1454 1650 10

826 1689 846 1730 il<

364 1745 515 1836 ‘Chrysis‚
535 1775 609 1836 quae
628 1758 758 1836 priorem
773 1757 924 1819 fortunam
939 1765 1020 1819 tuam
1036 1758 1151 1832 oderat,
1171 1759 1248 1821 hanc
1263 1759 1307 1820 vel
1324 1779 1396 1822 cum

283 1854 414 1933 periculo
431 1855 533 1934 capitis
549 1854 688 1934 persequi
705 1847 845 1917 destinat'

365 2027 451 2119 ‘quid
473 2039 541 2101 buic
558 2039 671 2100 formae
691 2046 740 2102 aut
755 1969 879 2101 Ariadne
898 2038 999 2102 habuit
1019 2048 1068 2103 aut
1082 2041 1159 2102 Leda
1178 2041 1295 2103 simile?
1321 2043 1395 2122 quid

285 2145 389 2200 contra
406 2139 483 2200 hauc
498 2138 614 2211 Helene,
631 2137 700 2216 quid
716 2137 813 2199 Venus
828 2136 954 2218 posset?
974 2139 1039 2218 ipse
1053 2139 1146 2212 Paris,
1162 2139 1281 2203 dearum
1293 2141 1396 2203 libidi-

284 2235 415 2297 nantium
437 2237 534 2311 iudex,
556 2236 582 2298 si
601 2237 677 2299 hanc
696 2237 726 2298 in
746 2237 964 2318 comparatione
984 2237 1104 2299 vidisset
1117 2245 1176 2299 tam
1193 2238 1395 2317 petulantibus
1418 2252 1451 2301 15

285 2334 395 2410 oculis,
419 2344 448 2397 et
461 2337 591 2398 Helenen
609 2337 678 2399 huic
698 2338 839 2399 donasset
858 2343 888 2398 et
902 2336 978 2398 deas.
1009 2337 1111 2398 saltem
1132 2338 1157 2396 si
1176 2337 1398 2416 permitteretur
1445 2424 1448 2430 Ι
1529 2335 1530 2340 ’

290 2461 343 2468 μ..-

358 2525 371 2572 1
386 2525 480 2572 uetieae
493 2529 567 2574 metue
581 2523 680 2574 Pitleoei
692 2530 751 2574 teate
764 2522 898 2573 Patiooono
988 2523 1141 2571 circundedit
1153 2521 1220 2571 libri.
1242 2524 1400 2574 circumleuit

285 2592 399 2644 Iahnius
476 2598 490 2644 3
503 2595 540 2645 oie
552 2595 698 2660 singularia
710 2603 830 2659 excerpto
842 2593 958 2657 disposui
970 2609 1037 2658 quoe
1049 2591 1094 2642 boe
1107 2593 1166 2642 olim
1179 2591 1269 2644 ordine
1282 2594 1399 2644 lectitata

286 2665 390 2716 credam
409 2668 526 2716 nasturcii
545 2682 631 2716 sucum
650 2682 707 2716 cum
724 2669 845 2716 abrotono
858 2667 951 2716 miscet.
976 2667 1026 2714 hoc
1039 2666 1206 2714 erudelissima
1218 2681 1281 2714 unrrs
1300 2669 1399 2731 spargit

285 2738 389 2787 subinde
403 2737 530 2801 [humore]
544 2739 636 2788 femina
652 2754 715 2788 moa.
740 2739 845 2803 perfusis
857 2738 998 2800 inguinibus
1010 2737 1072 2785 meis
1085 2743 1114 2784 nt
1125 2743 1259 2799 eneerptor
1272 2737 1397 2800 copation-

286 2807 379 2858 dcmem
398 2809 589 2859 enuntiatorum
607 2826 699 2859 conseo
718 2827 735 2858 o
753 2809 874 2858 Petronio
892 2806 987 2856 addito
1004 2807 1157 2871 neplenem't,
1181 2824 1230 2857 eno
1248 2809 1352 2858 humore
1374 2819 1398 2858 et

286 2894 334 2943 qua
352 2879 511 2930 immiscuerit
625 2883 656 2930 od
675 2884 726 2930 hoe
744 2881 787 2929 uel
803 2882 862 2930 hinc
880 2879 1051 2928 Bomionnns
1162 2886 1212 2928 trec
1232 2879 1348 2929 cetenieei
1366 2880 1397 2930 in

285 2949 318 3013 L,
337 2966 405 2999 unua
423 2951 452 3000 in
464 2958 499 3014 pt
643 2953 790 3001 4nasturtii
809 2952 842 3004 L.
878 2952 1030 3000 nasturcium
1055 2949 1211 3014 scripturum
1236 2951 1398 3001 commendat

285 3021 422 3086 mipinotio
446 3020 570 3072 Varronis
588 3022 647 3072 ideo
665 3021 761 3072 dietum
778 3023 832 3072 rati
850 3020 920 3086 quod
937 3037 1030 3071 norum
1048 3029 1166 3086 torqueat
1273 3024 1397 3073 abrotano

284 3091 345 3142 libri
464 3095 478 3141 6
500 3095 615 3143 eederet
731 3094 827 3143 lacuna
844 3094 873 3143 in
891 3093 963 3142 libris
982 3093 1066 3158 qualia
1084 3109 1110 3145 n.
1123 3096 1145 3146 3.
1184 3093 1321 3158 cupiebant
1338 3109 1397 3144 eam

284 3163 362 3230 uulqo
381 3163 420 3212 bio
438 3164 513 3229 nupia
531 3165 615 3214 urticis
633 3171 725 3229 ustum,
745 3166 805 3228 fuga
823 3167 970 3214 subductum
984 3172 1133 3214 exaestuans
1145 3174 1308 3217 consectatur.
1332 3165 1397 3216 uide

285 3235 322 3286 od
335 3253 365 3301 p.
381 3237 439 3298 143,
460 3239 492 3286 14
602 3240 615 3285 7
637 3239 741 3300 quanuio
759 3235 784 3285 L
909 3237 924 3284 8
940 3236 1028 3300 potius
1046 3242 1131 3286 tenent
1253 3238 1349 3300 aliquos
1363 3254 1396 3302 po,

285 3307 362 3374 uulgo
478 3315 563 3358 secuta
581 3308 625 3373 ‘ego
642 3308 733 3360 notoni
750 3323 782 3358 erc
799 3306 824 3358 L
940 3308 1067 3377 prehende
1081 3315 1115 3372 pt
1228 3309 1397 3358 succursum

285 3380 349 3445 quio
371 3380 400 3430 in
425 3395 484 3430 arce
509 3379 628 3444 templum
647 3379 743 3444 Priapi
753 3379 849 3444 suerat
994 3381 1025 3427 10
1045 3386 1095 3428 tneo
1113 3379 1244 3429 oster-iocos
1262 3379 1292 3429 in
1309 3396 1397 3430 uacuo

284 3450 368 3516 epotio
379 3450 489 3516 finiente
501 3452 630 3517 papinum
648 3451 673 3502 L
691 3451 773 3514 babet,
792 3467 873 3514 uncum
886 3457 919 3514 pt
1024 3453 1054 3498 ll
1075 3447 1239 3499 meditantem
1257 3450 1321 3500 boec
1339 3451 1396 3501 bm-

286 3522 386 3587 colpiom
404 3522 475 3588 fecit
490 3522 607 3573 Nodotne
630 3541 681 3573 mom
705 3531 778 3574 reete.
817 3528 936 3585 coeperet
958 3536 1047 3570 amore
1073 3521 1215 3586 Encolpion
1235 3515 1343 3587 (lbi-poia
1367 3532 1399 3572 mc

287 3601 398 3657 apparet
416 3609 448 3642 erc
461 3611 491 3658 p.
506 3597 566 3657 202,
587 3599 618 3655 1,·
629 3595 744 3660 fortune
762 3609 824 3644 uero
843 3593 913 3643 illiue
933 3609 1007 3656 quem
1025 3591 1180 3644 admodum
1197 3601 1297 3642 mutato
1307 3593 1399 3658 suerit

286 3664 435 3728 ignormnne
453 3667 574 3729 quoniam
592 3667 693 3716 seruitii
705 3666 786 3731 specie
798 3682 851 3716 non
864 3672 900 3714 eet
911 3671 1041 3728 exemptus
1048 3681 1078 3728 p.
1093 3666 1152 3725 202,
1167 3667 1180 3713 5
1292 3668 1324 3713 12
1345 3673 1397 3714 trae

286 3735 403 3785 ueterieei
420 3736 449 3786 in
466 3735 499 3799 L,
518 3753 586 3787 nnuc
604 3738 633 3787 in
647 3747 680 3802 pt
787 3740 819 3786 13
840 3735 966 3787 declamat
983 3735 1125 3799 Fmeolpiam
1143 3735 1176 3785 de
1196 3733 1280 3784 Circes
1294 3735 1397 3800 prdem-

286 3804 375 3856 tudine
481 3810 568 3858 habuit
585 3811 662 3860 simile
681 3817 723 3859 out
740 3807 766 3859 L
875 3811 908 3856 14
927 3809 1003 3857 Elone
1016 3805 1041 3855 L
1130 3808 1277 3871 litigantium
1291 3807 1396 3871 Douma,

287 3985 319 4032 16
340 3983 414 4031 etiam
432 3983 527 4032 Elenen
546 3983 578 4033 L.
615 3987 769 4051 Helenemp
863 3987 923 4034 hinc
942 3986 1084 4033 damnasset
1101 3981 1230 4033 Bortbiua
1324 3983 1395 4052 deas]
1467 4021 1478 4034 .

286 4052 392 4104 uidetur
413 4053 548 4104 Petronios
567 4055 727 4107 lasciuiorem
744 4057 816 4108 illam
827 4056 949 4122 sobolom
967 4054 1108 4118 respersisse
1126 4071 1179 4120 quo
1197 4062 1246 4104 tres
1266 4053 1329 4104 deoc
1349 4065 1397 4104 out

287 4125 382 4248 gem
400 4125 488 4176 emm
512 4140 586 4176 auum
610 4145 702 4193 eorpus
725 4146 776 4180 reon
800 4127 878 4179 oeulis
902 4135 999 4177 tontum
1018 4124 1133 4190 postoris
1145 4126 1309 4190 prostituisse
1319 4126 1396 4191 fene-
