3128 4966
330 470 416 512 XXXVI

858 605 907 666 VII

412 714 502 774 eaden
520 711 663 773 Leideusis
686 710 840 773 Vossianus
860 713 986 792 cotalopi
1001 713 1055 793 sol.
1072 713 1147 782 111,
1167 732 1249 793 quem
1270 713 1434 778 Ilteodorus

325 819 520 882 Mommsmus
527 821 729 901 perlustravit,
738 820 868 882 Petronii
878 825 1000 884 contenet
1013 825 1146 884 earmina
1154 833 1299 902 quattuor,
1308 843 1432 904 puerum

326 931 382 990 duo
405 933 436 990 in
451 933 545 991 satira
562 930 698 1008 lepuntur
711 949 741 1010 p.
759 931 795 990 15
813 942 880 1010 etp.
895 929 950 1001 99,
971 931 1027 992 deco
1043 934 1075 990 in
1090 933 1264 1011 srapmeutis
1279 923 1434 994 numeravi
1498 997 1502 1002 ,

326 1037 456 1100 XXVIIII
467 1049 493 1100 et
501 1038 589 1098 XXX.
614 1041 729 1099 atenim
741 1038 1099 1128 epiprommataplerapue
1111 1043 1224 1119 quaein
1237 1039 1430 1102 liln'santleo-

325 1147 423 1226 lopieis
434 1146 598 1227 sinpularia
613 1150 802 1208 inveniuntur
816 1145 945 1208 Petronii
958 1152 1073 1209 nomine
1088 1151 1236 1228 inscripto,
1252 1151 1348 1229 fatcor
1363 1149 1434 1210 milti
1545 1135 1546 1146 ¹

323 1274 383 1317 non
399 1260 469 1317 satis
488 1267 620 1317 constare
634 1267 733 1316 cetrum
748 1275 851 1336 reapse
867 1257 1021 1336 adsumpta
1035 1277 1073 1318 em
1087 1261 1184 1319 satiris
1198 1255 1328 1320 Petronii
1341 1277 1380 1319 an
1395 1258 1429 1318 al

325 1365 391 1425 aliis
402 1368 559 1444 composita
573 1376 600 1426 et
615 1383 684 1426 casu
698 1367 774 1425 inter
784 1363 962 1426 Petroniana
973 1365 1067 1426 relata
1078 1369 1143 1427 sint.
1165 1384 1235 1426 nom
1248 1384 1312 1426 cerm
1324 1376 1431 1428 natura

324 1476 432 1534 satirae
444 1477 484 1534 ita
494 1476 587 1554 ferret
596 1484 629 1534 ut
639 1477 725 1534 varia
733 1484 905 1553 poemataet
917 1473 1073 1553 aliquando
1081 1475 1294 1554 permediocria
1302 1474 1430 1535 include-

324 1594 427 1643 rentur
438 1585 469 1642 in
480 1585 681 1644 narrationem
693 1586 852 1663 scriptoris,
865 1593 925 1644 tum
936 1601 1005 1644 vero
1021 1586 1089 1662 puio
1100 1585 1265 1661 primarius
1277 1583 1367 1644 codem
1378 1601 1429 1643 en-

325 1701 422 1771 eerpto
433 1690 563 1753 Petronii
571 1691 659 1752 simul
670 1702 697 1752 et
707 1695 839 1752 carmina
851 1694 969 1752 minora
980 1691 1082 1753 selecta
1094 1690 1358 1771 comprehendebat,
1371 1709 1430 1751 non

323 1803 432 1862 mirum
447 1809 487 1861 est
502 1803 528 1861 si
538 1798 728 1861 obscurorum
739 1811 892 1880 poetarum
904 1803 1114 1880 epIprammata
1125 1810 1158 1860 ut
1168 1799 1327 1861 illustriore
1340 1817 1430 1860 orno-

323 1918 426 1969 rentur
453 1912 621 1970 anctoritate
643 1909 765 1988 perinde
785 1907 918 1969 Petronio
941 1919 1024 1988 atque
1045 1907 1120 1968 Ciris
1140 1907 1284 1969 Moretum
1305 1905 1429 1987 Priapea

324 2016 384 2077 alia
397 2014 520 2096 Verpilio
533 2020 710 2096 transcripta
721 2026 796 2077 sura.
820 2017 928 2077 accedit
942 2017 1017 2095 quod
1028 2035 1087 2077 non
1098 2016 1181 2077 nulla
1193 2015 1270 2076 velut
1278 2019 1318 2097 fr.
1329 2016 1429 2077 XXIII

290 2145 298 2164 ¹
322 2127 474 2205 inferioris
494 2128 594 2185 aetatis
613 2124 686 2185 milri
704 2125 878 2186 vIdelautur
898 2136 1028 2204 apertam
1045 2143 1119 2205 prae
1139 2143 1167 2184 se
1182 2126 1263 2204 serre
1279 2128 1426 2203 oripinem.

322 2237 416 2313 itapue
433 2234 508 2312 quod
518 2231 639 2294 illorum
651 2234 770 2294 eandem
783 2252 840 2294 esse
853 2252 987 2295 occassum
999 2233 1130 2294 arlritror
1142 2243 1224 2312 atprn
1241 2249 1343 2293 eorum
1359 2251 1428 2312 puae

323 2339 490 2419 Fulpentius
504 2344 641 2412 servavit,
657 2353 689 2401 ut
703 2352 728 2402 et
742 2360 814 2402 vera
829 2362 886 2402 esse
898 2347 1011 2422 possint
1021 2353 1048 2403 et
1059 2341 1155 2402 aliena
1167 2341 1214 2402 vel
1223 2341 1312 2421 salsa,
1329 2351 1428 2402 cuneta

322 2451 435 2529 quidem
450 2451 572 2528 adiuupi
584 2449 713 2529 reliqniis
727 2449 910 2512 Petroniauis
925 2451 1013 2523 volui,
1029 2452 1077 2512 sed
1087 2450 1221 2532 plurima
1233 2454 1366 2512 asterisco
1382 2453 1428 2510 in-

322 2559 435 2636 sipnioi.
464 2558 536 2638 fides
551 2567 646 2619 autem
661 2575 762 2618 eonem
777 2561 831 2619 erit
842 2577 931 2639 penes
945 2558 1097 2638 Ioseplrum
1108 2558 1288 2639 Scaliperum
1303 2562 1353 2639 qui
1361 2561 1429 2639 pri-

322 2684 387 2727 mus
404 2669 480 2727 inter
500 2665 636 2727 catalecto
651 2676 778 2727 veterum
793 2678 946 2746 poetarum
962 2667 1083 2728 adscivit
1095 2665 1272 2729 Petroniana
1286 2667 1339 2728 illa
1353 2667 1427 2746 lup-

323 2775 395 2835 duni
413 2793 490 2836 anno
512 2774 605 2844 1573,
622 2786 649 2835 ct
663 2774 818 2836 Clotulium
834 2775 965 2837 Binetum
981 2778 1031 2854 qui
1045 2793 1110 2836 eoem
1125 2775 1186 2836 alia
1201 2785 1226 2836 et
1240 2793 1319 2837 reove
1333 2774 1427 2836 Pieta-

321 2885 365 2942 vii
379 2900 456 2943 anno
473 2880 555 2941 1579
576 2883 678 2952 ederet,
696 2874 843 2944 ‘Petronii
862 2883 974 2944 Arbitri
988 2883 1169 2964 aliorumque
1185 2887 1426 2964 epiprammotum

323 2989 429 3050 Ionam
444 2981 572 3070 partem’
593 2989 725 3051 leoluisse
741 3010 769 3050 se
785 3001 905 3052 testatur
917 2983 971 3052 ‘en
988 2991 1158 3054 bibliotheca
1173 2991 1315 3054 Ecclesiae
1331 2991 1423 3052 Bello-

321 3102 467 3159 vasensis:
483 3117 554 3177 puae
571 3117 636 3159 curn
650 3101 741 3160 veteri
754 3097 863 3160 Isidori
876 3099 1091 3180 Etlrpmolopieo
1109 3119 1240 3162 carmena
1255 3092 1361 3162 eront'.

404 3283 521 3346 Horam
546 3304 596 3366 epo
617 3285 762 3348 lllrorum
783 3285 894 3348 auxilio
919 3288 1035 3349 adiutus
1051 3288 1245 3369 principalem
1265 3267 1424 3350 satirarum

319 3396 449 3474 sormam
464 3395 562 3456 studui
575 3395 786 3475 redinteprare‚
803 3395 847 3455 ln‘s
862 3399 950 3476 copiis
965 3395 1018 3456 alii
1029 3407 1093 3476 post
1107 3415 1151 3458 me
1162 3399 1329 3476 paratiores
1344 3414 1424 3457 acec-

320 3503 386 3564 dent
407 3503 445 3564 ad
467 3504 678 3566 emendandam
697 3503 873 3565 Petronium.
908 3523 1008 3585 nempe
1030 3497 1099 3566 dnm
1113 3505 1219 3566 utenda
1233 3505 1422 3566 librariorum

315 3628 409 3690 prope
422 3612 651 3674 innumerabilia
666 3612 780 3674 sutum
795 3631 810 3672 e
824 3613 921 3674 cerlis
935 3615 1084 3694 scriptoris
1100 3613 1202 3675 litteris
1214 3615 1358 3692 consipno,
1373 3630 1422 3672 ve-

320 3736 389 3780 reor
413 3738 448 3780 ne
474 3720 547 3782 milei
570 3724 684 3800 saepius
707 3722 844 3782 acciderit
864 3732 896 3782 ut
914 3724 1038 3782 immani
1058 3732 1097 3783 tot
1115 3731 1314 3783 monstrorum
1334 3722 1423 3800 specie

319 3831 404 3906 puasi
417 3839 582 3890 occaecatus
595 3846 655 3889 uon
670 3832 769 3889 acrius
783 3830 910 3890 viderem
926 3849 976 3890 neo
988 3829 1058 3909 plus
1072 3824 1204 3910 septem
1215 3849 1302 3910 quarn
1314 3832 1365 3908 qui
1375 3846 1423 3889 co-

300 3937 409 4022 dicem
430 3936 605 4016 arcleetppon
623 3939 745 4016 scripsit.
780 3936 922 3999 ulteriora
946 3949 1129 4018 eupcctamus
1147 3947 1179 4000 ut
1200 3937 1253 3999 alii
1266 3945 1421 4018 praestent,

318 4048 344 4104 si
363 4045 515 4106 didicerint
528 4048 659 4125 primum
678 4063 738 4105 non
758 4049 909 4107 continuas
922 4064 976 4108 nos
990 4045 1095 4108 labere
1109 4045 1240 4108 Petronii
1253 4049 1360 4106 satiras
1375 4043 1423 4105 sed

317 4153 405 4214 electa
431 4173 502 4233 puae
528 4165 680 4233 encerptor
703 4154 898 4215 decertaverit
914 4173 974 4216 non
995 4131 1153 4236 numquam
1173 4165 1199 4215 et
1217 4156 1422 4226 immutaverit,

318 4275 378 4326 tum
398 4264 506 4324 codices
522 4281 579 4346 pro
599 4280 630 4323 eo
651 4272 789 4343 potantum
810 4265 927 4344 quisquc
941 4273 1078 4327 vetustate
1092 4273 1118 4326 ei
1133 4266 1294 4344 intepritate
1309 4272 1335 4324 et
1350 4279 1423 4322 cura
