3008 4962
303 463 383 506 mu

304 595 596 679 p.l98,1lbrisum
608 595 706 658 iubeat
772 597 810 657 12
826 602 976 676 conponet
1042 596 1080 656 15
1097 593 1237 675 quidquid
1295 595 1422 676 p.199‚

306 707 321 766 1
338 723 428 786 parua
444 705 559 784 loquor.
586 705 664 785 quod
681 705 728 766 uis
744 704 874 766 nummis
890 704 1096 784 praebentibus
1193 705 1213 764 2
1227 703 1349 765 eueniet.

379 812 1422 894 prooelr'to'pr'tnrinsummoboeslora'lepiurneodemordinepuooetera'

305 923 420 984 oodr'aes.
450 941 521 984 nona
540 923 596 984 dno
616 921 671 982 illo
690 921 810 983 listr'aba
825 922 858 982 de
876 920 994 982 Tantalo
1014 924 1138 1001 inopine
1159 924 1315 992 ooorln'oe,
1335 940 1418 1000 puae

303 1050 380 1093 nune
392 1031 526 1112 lepuntur
536 1033 569 1091 ln
575 1049 607 1110 p.
619 1029 659 1090 97
668 1033 796 1110 pristina
807 1030 870 1091 sede
882 1029 1009 1110 depulsa,
1023 1028 1059 1090 ab
1073 1033 1245 1110 omna'parte
1255 1029 1418 1109 probabile

304 1148 344 1202 est
360 1140 570 1220 interponenda
592 1157 650 1200 esse
667 1141 744 1201 inter
755 1158 786 1219 p.
799 1139 839 1200 22
855 1149 882 1199 et
897 1137 946 1200 37.
963 1141 1105 1218 poematis
1120 1149 1215 1199 autem
1231 1139 1263 1200 de
1279 1136 1352 1198 bello
1372 1140 1415 1199 er'-

302 1248 357 1310 vill
368 1266 471 1310 uersus
484 1259 517 1310 nt
529 1251 712 1328 incomposite
727 1257 953 1320 recenserentur,
969 1249 1080 1327 saetam
1095 1256 1135 1308 est
1146 1250 1325 1327 popinarum
1338 1266 1416 1326 per—

304 1356 467 1419 turbatione
478 1375 538 1418 non
549 1341 683 1419 dissimili
691 1356 771 1418 illius
782 1375 839 1436 qno
850 1367 931 1418 oetan
942 1356 1033 1417 eaden
1046 1354 1325 1438 Tornaesr'a‘offeetns
1336 1367 1414 1417 erut.

303 1468 363 1526 iana
374 1483 444 1527 oero
457 1483 602 1546 opponam
617 1484 688 1544 qnae
704 1463 867 1526 Vincentius
878 1464 1060 1525 Belnooensr's
1070 1468 1242 1544 perscripsit
1253 1468 1286 1526 ln
1296 1465 1415 1545 speculo

304 1571 448 1636 bistertalr'
462 1572 536 1635 xxt
547 1571 591 1634 25
609 1575 783 1652 (seeundum
803 1573 954 1654 enenplor
968 1571 1209 1653 Nortrnberponse
1228 1576 1301 1634 anni
1314 1571 1415 1648 1483,

306 1680 361 1742 XX
375 1680 419 1742 25
430 1684 587 1745 seeundum
600 1682 752 1763 enenplor
766 1685 839 1743 anni
852 1679 963 1760 1474).·

387 1792 428 1854 De
437 1791 563 1871 quodam
575 1791 648 1853 libro
660 1791 792 1852 Petronii
803 1791 908 1870 partim
921 1789 1041 1851 metrico
1054 1790 1159 1868 partim
1173 1789 1307 1870 prosaico
1318 1807 1418 1870 pausa

303 1900 375 1961 haec
389 1899 510 1962 moralia
525 1919 599 1979 quae
614 1908 777 1979 sequuntur
792 1905 926 1978 excerpta
941 1898 1051 1959 notaui.
1067 1897 1293 1960 PETRONIVS:

304 2055 309 2065 .
389 2006 466 2080 Quid
485 2008 597 2069 faciunt
618 2007 695 2086 leges
715 2007 764 2068 ubi
786 2007 848 2068 sola
868 2006 989 2086 pecunia
1009 2013 1112 2085 regnat
1126 2014 1176 2068 aut
1189 2006 1239 2069 ubi
1254 2013 1418 2086 paupertas

303 2115 420 2178 uincere
434 2115 512 2176 nulla
527 2123 633 2195 potest.
660 2116 720 2177 lam
735 2131 814 2177 nune
829 2114 967 2176 iudicium
982 2113 1054 2175 nihil
1069 2122 1114 2175 est
1127 2115 1185 2176 nisi
1200 2115 1317 2194 publiea
1331 2133 1417 2176 mer-

305 2223 675 2304 cesp.15,7—8etll.

390 2332 494 2410 Tutius
515 2340 560 2394 est
574 2352 667 2412 paruo
683 2351 807 2394 erarem
823 2332 964 2411 perditam
981 2351 1152 2412 recuperare
1168 2351 1255 2412 quam
1270 2330 1300 2392 in
1316 2331 1419 2392 ambi-

305 2457 391 2520 guam
410 2441 490 2502 litem
505 2439 680 2503 descendere
691 2460 722 2521 p.
738 2442 786 2515 15,
803 2441 905 2503 5-6.

389 2550 591 2614 Periculosum
608 2557 654 2612 est
668 2549 770 2611 alienis
786 2551 926 2611 interesse
943 2549 1061 2610 seeretis
1073 2568 1104 2629 p.
1117 2548 1167 2623 22,
1183 2549 1286 2610 4-5.
1356 2583 1358 2587 ν

389 2659 455 2721 Non
470 2659 543 2722 bibit
555 2659 632 2722 inter
645 2678 734 2739 aquas
749 2678 836 2739 poma
853 2665 902 2719 aut
916 2657 1071 2738 pendentia
1087 2657 1179 2737 carpit
1186 2656 1323 2718 Tantalus
1335 2655 1415 2718 infe-

304 2767 342 2830 lix
369 2787 454 2848 quem
482 2787 534 2829 sua
553 2776 622 2831 uota
642 2775 790 2847 premunt.
821 2767 925 2830 Diuitis
946 2768 1001 2829 hee
1022 2765 1120 2845 magni
1139 2765 1228 2827 facies
1244 2766 1299 2827 erit
1313 2766 1414 2826 omnia

306 2893 439 2937 cernens.
476 2874 533 2948 Qui
547 2881 627 2936 tenet
641 2881 670 2935 et
686 2875 763 2936 sieao
780 2875 935 2954 conquerit
949 2895 1000 2937 ore
1014 2875 1120 2936 famem
1134 2893 1164 2954 p.
1178 2873 1228 2949 97,
1246 2873 1329 2935 13-
1339 2873 1377 2934 16

388 2983 453 3044 Heu
474 2982 529 3044 heu
548 3001 605 3044 nos
621 2983 746 3045 miseros
767 3003 854 3064 quam
876 2963 955 3048 totus
971 2984 1127 3045 homuntio
1148 2982 1189 3043 nil
1208 2989 1262 3043 est.
1292 2981 1338 3044 Nil
1353 2983 1414 3043 eri-

304 3109 371 3154 mus
392 3089 490 3152 ouneti
509 3098 667 3170 postquam
688 3110 744 3152 nos
763 3092 873 3153 auferet
889 3111 984 3154 orcus.
1015 3093 1091 3172 Ergo
1107 3091 1243 3155 uiuamus
1260 3090 1329 3152 dum
1346 3090 1415 3152 licet

307 3219 373 3262 esse
388 3198 462 3261 bene
473 3217 504 3279 p.
518 3198 567 3271 37,
585 3199 685 3260 5-7.

389 3309 500 3371 Omnes
517 3309 627 3388 opertis
645 3306 735 3369 oeulis
751 3308 828 3369 hona
845 3327 897 3369 sua
913 3317 1083 3389 computant
1093 3330 1124 3391 p.
1139 3310 1187 3385 50,
1204 3308 1305 3370 2-3.

389 3418 463 3480 Cum
484 3418 603 3479 fortuna
619 3423 718 3478 manet
732 3416 845 3479 uultum
863 3418 985 3480 seruatis
1002 3418 1095 3480 amici.
1126 3419 1198 3480 Cum
1216 3417 1318 3479 cecidit
1332 3417 1414 3496 turpi

303 3527 417 3590 uertitis
434 3546 486 3589 ora
499 3528 569 3606 fu'ga
580 3546 611 3607 p.
625 3526 675 3600 95,
692 3526 790 3587 5-6.

389 3634 493 3696 Raram
509 3634 579 3696 facit
593 3634 749 3696 mixturam
766 3653 831 3696 eum
850 3637 989 3716 sapientia
1004 3637 1099 3697 forma
1110 3655 1142 3716 p.
1158 3634 1227 3709 113,
1247 3637 1272 3695 1.

389 3742 450 3820 Ego
466 3742 509 3805 sie
524 3761 640 3823 semper
655 3749 683 3803 et
696 3742 803 3821 ubique
818 3743 877 3804 uixi
892 3751 925 3804 ut
938 3743 1070 3804 ultimam
1086 3761 1220 3823 quanque
1233 3742 1328 3805 lucem
1344 3751 1412 3805 tan-

304 3867 391 3930 quam
407 3868 469 3912 nen
483 3849 643 3912 redituram
660 3869 830 3912 eonsumem
845 3871 875 3931 p.
891 3850 960 3924 119,
980 3849 1121 3913 13-14.
1443 3935 1446 3942 .

389 3958 466 4034 Quid
487 3977 548 4021 non
569 3977 726 4021 commune
746 3967 791 4021 est
811 3960 889 4039 quod
905 3966 1007 4021 natura
1023 3958 1167 4039 optimum
1182 3959 1284 4022 feeerit
1296 3980 1326 4041 p.
1342 3959 1411 4034 129,

307 4067 452 4129 12-13,

389 4175 495 4239 Nescio
512 4176 661 4255 quomodo
677 4175 755 4238 bone
769 4176 876 4239 ruentis
892 4194 979 4238 soror
994 4183 1040 4238 est
1053 4184 1209 4259 paupertas
1220 4196 1252 4258 p.
1267 4178 1336 4253 too,
1352 4178 1380 4239 6.
