3022 4956
310 457 370 520 ιω
776 447 934 504 esrnurul

306 609 510 690 utplurimum
522 605 635 678 tussiat,
648 604 832 667 utsitmodo
844 604 996 666 solutioris
1008 605 1152 667 stomachi
1163 604 1412 702 cibosqueomnes
1428 617 1447 668 t

307 709 403 792 palam
418 707 545 769 damnet
574 704 711 783 loquatur
730 720 835 764 summ
856 711 886 764 et
903 711 1056 782 argentum
1075 704 1242 784 fundosque
1259 706 1413 766 mendaces

308 815 338 870 et
356 813 528 888 perpetuam
548 811 693 866 terrarum
713 801 902 864 sterilitatem.
934 805 1035 864 sedeat
1052 809 1201 883 praetcrea
1223 802 1348 882 quotidie
1375 803 1413 864 ad

308 907 438 970 rationes
457 902 628 981 tabulasque
646 899 814 962 testamenti
834 898 971 962 omnibus
994 901 1139 962 meusibau
1161 909 1288 962 renovet.
1324 908 1352 962 et
1374 919 1412 961 ne

310 1003 378 1085 quid
394 1019 516 1064 scaenae
531 1001 655 1074 deesset,
670 998 924 1079 quotienscunque
938 999 1064 1080 aliquem
1079 1006 1216 1061 nostrum
1230 1017 1331 1061 vocare
1345 1005 1411 1061 ten·
1429 1009 1442 1057 s
1500 1012 1501 1038 ³

309 1109 417 1174 lasset,
437 1099 524 1162 alium
545 1117 600 1178 pro
620 1097 675 1159 elin
695 1105 824 1170 vocaret,
844 1104 878 1159 ut
896 1096 978 1158 facile
993 1105 1146 1176 appareret
1161 1098 1313 1160 dominum
1327 1097 1413 1159 etiam

310 1217 413 1264 eorum
428 1196 608 1270 meminisse,
625 1195 673 1276 qui
689 1201 857 1276 praesentes
872 1211 933 1255 non
947 1200 1056 1256 essent.

394 1295 442 1358 bis
457 1295 497 1357 ita
512 1295 665 1369 ordinatis,
679 1286 771 1372 ‘quod
785 1294 861 1355 bene
874 1292 1052 1371 feliciterque
1066 1284 1204 1354 eveniret'
1220 1294 1327 1374 precati
1342 1293 1413 1356 deos

309 1395 385 1458 dam
405 1393 594 1473 ingredimur.
624 1393 675 1454 sed
694 1409 789 1472 neque
810 1389 899 1453 Giton
920 1390 975 1452 sub
997 1391 1115 1452 insolito
1135 1391 1214 1453 lasce
1233 1391 1367 1466 durabat,
1387 1399 1414 1453 et

310 1492 507 1556 mercenarius
520 1491 622 1565 Corax,
637 1490 813 1552 detrectator
823 1489 987 1565 ministerii,
1001 1489 1098 1570 posita
1108 1489 1290 1570 frequentius
1302 1491 1413 1552 sarcina
1431 1501 1456 1551 111

310 1591 386 1653 male
401 1590 514 1652 dicebat
527 1588 753 1670 properantibus
769 1588 988 1669 affirmabatque
1003 1608 1034 1650 se
1049 1595 1100 1650 aut
1113 1587 1313 1667 proiecturum
1325 1589 1413 1650 sarci·

310 1707 364 1752 nas
380 1694 431 1751 aut
444 1707 512 1750 eum
528 1706 617 1751 onere
631 1687 804 1766 fugiturum.
830 1678 912 1767 ‘quid
927 1677 990 1749 vos'
1004 1686 1099 1766 inquit
1109 1677 1289 1749 ‘iumentum
1301 1707 1348 1750 me
1358 1706 1414 1768 pu-

309 1789 377 1852 tatis
392 1807 459 1850 esse
473 1795 523 1850 aut
536 1787 703 1868 lapidariam
718 1781 845 1847 navem?
860 1784 990 1846 hominis
1002 1803 1107 1864 operas
1118 1785 1220 1859 locari,
1235 1803 1296 1848 non
1309 1786 1413 1848 oebali.

311 1904 368 1949 uec
386 1885 485 1948 minus
506 1883 579 1946 liber
598 1903 664 1946 sum
684 1903 855 1965 quamtus,
876 1883 962 1945 etiarn
978 1883 1003 1943 si
1018 1901 1175 1963 pauperem
1191 1893 1275 1963 pater
1289 1906 1336 1948 me
1351 1886 1415 1948 reli-

312 1975 400 2066 quit‘.
437 2001 493 2046 nee
516 1991 669 2046 contentus
694 1982 856 2046 maledictis
878 1982 998 2044 tollebat
1016 1982 1141 2044 subinde
1160 1983 1244 2045 altius
1264 1985 1368 2064 pedem
1388 1991 1414 2044 et
1431 1993 1456 2042 15
1502 2007 1503 2014 ι

311 2083 433 2164 strepitu
450 2082 599 2144 obscoeno
616 2081 703 2144 simul
719 2089 805 2163 atque
820 2082 913 2143 odore
925 2081 1001 2142 viam
1015 2079 1162 2160 implebat.
1189 2081 1303 2144 ridebat
1314 2088 1415 2144 conu-

312 2181 436 2244 maciem
453 2180 542 2242 Giton
557 2188 587 2242 et
600 2179 731 2260 singulos
748 2180 876 2262 crepitus
891 2180 953 2241 eius
968 2179 1031 2260 pari
1047 2179 1173 2240 clamore
1187 2181 1416 2261 prosequebatur

849 2289 871 2328 il·

244 2364 304 2429 118
369 2360 382 2449 ΙΙ
393 2356 516 2427 ‘multos
531 2364 672 2427 nimirum
690 2364 793 2446 [inquit
802 2364 977 2445 Eumolpus,
994 2365 1021 2442 o]
1035 2364 1154 2425 iuvenes
1167 2381 1284 2426 carmen
1296 2365 1414 2448 decepit
1429 2374 1464 2427 Lo

386 2627 399 2673 l
420 2624 451 2673 sit
468 2627 569 2675 morbus
586 2642 676 2692 morpo
695 2632 713 2680 l.
749 2633 776 2674 ut
800 2627 827 2674 fit
850 2626 937 2675 morbo
963 2624 1058 2690 uliquis
1077 2623 1151 2688 apud
1169 2624 1323 2688 Bosobium;
1347 2638 1375 2678 ut
1391 2630 1419 2678 sit

313 2696 406 2745 morosi
423 2697 595 2760 solodorisque
613 2695 763 2757 Ioeobsius,·
786 2697 870 2747 omisit
886 2698 961 2746 modo
977 2694 1141 2747 Oosoubonus
1159 2695 1196 2745 cd
1212 2695 1417 2762 tteoplrasmm.

314 2766 373 2817 olim
391 2766 547 2818 coniecerant
565 2770 652 2820 tussiat
670 2769 788 2832 phthisioi
806 2769 889 2832 modo,
909 2769 940 2818 sit
958 2769 1088 2832 solutioris,
1108 2766 1202 2817 deinde
1216 2771 1336 2832 praeludi
1353 2771 1417 2820 utsit

312 2839 389 2888 modo
407 2840 520 2888 tardioris
540 2837 593 2904 (uel
610 2841 741 2890 marcentis
754 2839 797 2890 uel
808 2855 865 2889 cum
883 2838 980 2889 Weblio
987 2855 1017 2902 p.
1030 2843 1064 2888 47
1083 2839 1239 2906 astrictioris)
1257 2843 1334 2891 modo
1356 2844 1416 2892 solu·

218 2955 223 2962 ,
311 2909 380 2958 tioris
461 2924 606 2959 communes
619 2913 786 2961 Eumenous
876 2913 890 2960 3
909 2912 1061 2960 sterilitatem
1069 2925 1099 2974 p,
1113 2908 1299 2961 Memmioous:
1312 2914 1416 2963 fertilita-

313 2985 363 3029 tem
383 2985 400 3041 t,
419 2978 561 3029 felicitatem
573 2979 600 3029 L
689 2986 706 3030 4
724 2983 849 3031 mensibus
861 2981 974 3031 inserui:
993 2981 1129 3031 aswriscus
1140 2981 1169 3030 irc
1182 2989 1222 3046 pt,
1241 2983 1314 3032 nullo
1326 2984 1417 3034 hecra

312 3048 342 3099 ira
351 3049 383 3102 L.
411 3049 479 3098 horis
492 3050 594 3114 Dorcea,
607 3053 692 3101 diebus
704 3052 849 3116 Patrobios,
869 3054 1008 3102 nominibus
1028 3052 1139 3102 Wehlius
1152 3069 1183 3117 p.
1196 3057 1231 3102 47
1244 3053 1355 3105 addidit

314 3123 329 3170 5
344 3118 427 3184 poulo
445 3119 594 3171 insolentior
612 3138 629 3172 o
642 3124 777 3187 praesenti
795 3131 905 3188 tempore
924 3123 960 3173 od
978 3123 1155 3189 imperfectum
1172 3125 1297 3176 transitus

313 3192 526 3256 quotienscunque
540 3208 575 3257 p:
594 3195 788 3258 quotiescunque
807 3203 824 3258 t,
844 3197 939 3259 quoties
957 3195 982 3244 L
1094 3195 1184 3260 polius
1202 3205 1307 3246 tentaret

314 3266 329 3314 6
349 3261 382 3329 cf.
404 3260 491 3314 Cicero
520 3263 552 3314 de
571 3263 732 3315 dictinctione
750 3265 771 3317 I
786 3269 829 3327 45,
850 3269 916 3316 102.-
934 3268 1048 3317 omnibus
1066 3268 1138 3316 rebus
1156 3269 1258 3331 agendis
1273 3260 1359 3332 ‘quod
1378 3272 1418 3318 bo·

315 3351 376 3386 num
394 3335 503 3386 faustum
522 3337 581 3387 felix
600 3337 802 3402 fortunatumque
821 3330 897 3388 esset’
917 3339 1102 3401 praelibentur.
1140 3345 1168 3388 ct
1185 3337 1214 3388 iot
1227 3338 1308 3389 edicto
1320 3340 1418 3391 Diocle·

313 3408 380 3459 timrei
403 3406 470 3458 edito
494 3426 511 3458 c
528 3408 682 3459 Mornmserro
705 3409 734 3459 ira
757 3410 821 3460 actis
842 3408 917 3462 ccccl.
936 3407 1035 3462 Soron.
1056 3412 1123 3460 1851
1138 3426 1168 3474 p.
1188 3413 1204 3460 6
1222 3426 1248 3460 u.
1267 3414 1285 3460 8
1304 3414 1372 3475 quod
1390 3411 1418 3460 dii

313 3494 387 3530 omen
405 3487 546 3531 auerterent
564 3480 679 3547 corripere
697 3482 831 3532 euerterint
957 3483 971 3529 9
992 3480 1086 3530 Guiton
1104 3482 1129 3529 L
1250 3484 1282 3530 10
1302 3485 1418 3533 dementa-

312 3557 352 3600 tor
365 3566 395 3615 p,
414 3551 537 3602 detractor
549 3550 586 3602 Lr
675 3556 707 3603 12
721 3554 858 3602 iumentum
871 3568 910 3602 me
923 3551 962 3601 L.-
981 3567 1021 3601 mo
1033 3553 1170 3602 iumentum
1178 3560 1212 3618 pt
1304 3557 1418 3619 131apy-

312 3637 401 3685 gsrum
419 3621 544 3687 circumire
559 3615 638 3688 ‘quae
656 3623 788 3688 lapidibus
804 3617 936 3673 oneratur’
951 3630 1064 3688 margot
1155 3627 1188 3673 14
1207 3625 1302 3674 etiamsi
1321 3626 1361 3675 L.-
1379 3625 1419 3676 etsi

307 3698 342 3755 pt
423 3687 583 3756 mifiuterL
675 3698 705 3744 ll
720 3695 814 3746 Guiton
826 3697 901 3746 etiam
914 3694 939 3744 L
1029 3695 1135 3758 crepitus
1148 3711 1242 3745 marcere
1254 3695 1330 3745 doctu
1342 3697 1371 3746 ire
1385 3711 1419 3746 eo

313 3759 471 3812 dioelrurii:
489 3767 603 3828 strepitus
616 3764 677 3816 libri
764 3768 980 3830 persequebaturt
1074 3765 1139 3815 duos
1152 3767 1285 3817 asserimus
1297 3775 1322 3818 et
1332 3768 1363 3818 ira
1373 3783 1419 3817 ore-

314 3829 358 3881 dio
376 3847 459 3882 uacuo
476 3849 555 3884 uersu
572 3851 706 3887 svuonrvs
724 3836 757 3901 L,
777 3845 828 3887 tres
845 3838 979 3888 asteriscos
996 3836 1025 3887 iu
1042 3851 1127 3887 uacuo
1139 3853 1218 3888 uersu
1230 3847 1255 3888 et
1266 3838 1295 3888 irc
1306 3840 1419 3905 recipire

312 3917 447 3952 nvuocrvs
460 3913 494 3969 pt
504 3905 598 3956 babent
684 3910 716 3957 18
729 3911 858 3958 multos-
863 3925 892 3973 p.
908 3912 966 3974 151,
981 3911 996 3958 3
1010 3909 1106 3958 uenisse
1119 3907 1360 3976 bobetflorilepium
1371 3911 1419 3961 Po-

313 3971 424 4024 rieinuru
495 3978 610 4027 nimirum
616 3978 781 4046 florilegium,
796 3987 869 4030 uetus
881 3980 1190 4045 beatissimaeque·
1283 3983 1419 4046 inquitl'lu-

313 4045 411 4107 molpus
424 4045 457 4096 ab
469 4047 631 4112 epimetotore
643 4050 749 4115 inserto,
759 4052 852 4101 ornisso
863 4053 892 4102 in
901 4052 936 4102 Lt
948 4051 1106 4117 etflorileqio
1118 4052 1221 4102 seclusi:
1234 4053 1318 4115 inquid
1329 4053 1419 4102 eumol-

208 4170 214 4180 ,
312 4115 878 4186 pusP,-eum01pius1301)u,cnmorpiusF
945 4117 1023 4173 o'uel
1033 4120 1199 4188 oBoanr:
1211 4123 1419 4185 minume,

306 4186 466 4254 florilcpium
483 4207 501 4239 o
519 4205 568 4254 quo
586 4190 663 4240 etium
679 4194 781 4243 iuuenes
799 4193 870 4244 obest
957 4196 1053 4244 iuuenis
1065 4193 1091 4243 P
1107 4202 1131 4243 et
1142 4211 1208 4247 corr.
1224 4209 1257 4245 ecc
1274 4197 1377 4246 iuuenes
1391 4195 1419 4245 L.

314 4268 425 4324 oppos-et
446 4278 499 4312 riori
515 4275 592 4326 posse
617 4261 734 4335 Gitonem
758 4279 815 4313 mam
833 4265 958 4329 Encolpio
974 4261 1036 4315 'sicce
1061 4281 1112 4330 quo
1134 4265 1236 4316 romine
1253 4267 1307 4317 icm
1324 4267 1420 4317 mimice
