3008 4962
313 492 387 536 1v111

311 625 387 687 tibus
401 621 477 686 mole
487 625 530 684 ito
541 630 747 703 compactusut
757 622 959 702 quaterniones
975 617 1067 682 XIIII
1082 617 1137 682 XV
1152 617 1222 682 XVI
1240 617 1332 682 XVII
1342 629 1422 684 aue

312 733 415 794 cedant
432 730 571 810 reliquias
590 733 813 810 quaternionum
830 724 904 790 VIII
921 738 947 788 ct
965 723 1061 788 VIIII.
1092 737 1228 808 quattuor
1246 727 1311 790 illis
1332 731 1422 790 couti-
1476 757 1477 760 ¹

310 849 416 902 nitetur
437 857 530 900 cunct
549 857 642 902 VERBA
664 857 701 898 ΕΤ
725 855 833 906 sclavo
854 854 1025 898 Leutuonvtt
1047 855 1104 898 CVII
1131 855 1230 908 Guosts
1258 856 1337 910 SVIS,
1364 847 1423 898 lllm

310 948 429 1010 uberius
447 946 623 1027 qlossarium
637 945 773 1007 latinum
788 949 836 1006 cui
849 965 1023 1007 sxruuvsr
1040 965 1155 1006 somus
1170 945 1371 1026 subscriptum
1386 954 1424 1005 est
1477 1027 1478 1030 Ἴ

310 1067 337 1118 et
350 1073 645 1118 sursnrscrsrwucs
666 1071 839 1116 scssssrvst
858 1072 1056 1131 succussatura,¹
1073 1054 1192 1134 leuique
1214 1063 1373 1133 excerptae
1388 1071 1422 1110 cx
1477 1031 1478 1056 ³

309 1183 447 1226 nosromo
460 1182 593 1225 sssvsru
605 1181 701 1226 cassos
713 1166 858 1226 orationes
870 1173 895 1224 et
905 1161 1050 1242 epistulae.
1073 1162 1314 1242 quaternionibus
1327 1170 1423 1222 autem

314 1271 387 1332 VIII
403 1282 430 1333 ct
453 1269 542 1332 VIIII
561 1281 692 1333 eatrema
715 1290 788 1352 pars
809 1272 951 1334 decurtati
964 1269 1054 1331 Nonii
1070 1272 1189 1350 (capitis
1203 1267 1270 1331 llll
1284 1271 1320 1332 ele
1336 1271 1423 1330 uaria

310 1380 519 1460 siqnifieotioue
540 1397 707 1440 sermonum
728 1399 747 1440 o
766 1377 989 1460 ossiculi]
1011 1380 1049 1442 ael
1070 1399 1117 1440 vox
1133 1399 1164 1459 q.
1181 1376 1258 1456 tit)
1281 1397 1352 1440 cum
1371 1376 1423 1437 baa
1478 1413 1479 1440 t

312 1489 536 1567 subscriptione:
552 1506 705 1562 exestur,
726 1498 786 1550 tum
805 1507 951 1550 rsrsouu
971 1506 1089 1548 unstrut
1110 1505 1278 1560 sorsamort,
1301 1487 1422 1565 denique

312 1600 344 1658 in
358 1597 457 1658 codem
468 1599 580 1676 qoqina
594 1615 652 1676 qua
665 1596 769 1675 finitur
780 1595 932 1658 Petronius
942 1605 1010 1675 post
1022 1594 1140 1676 eliquari
1149 1594 1342 1658 interuallum
1355 1611 1421 1654 cor·

308 1723 375 1766 meu
391 1703 539 1766 Prisciani
553 1705 587 1766 ale
601 1708 746 1768 mensuris
760 1715 787 1767 et
796 1703 976 1785 ponderibus
991 1704 1066 1783 qual
1080 1705 1181 1784 incipit
1194 1703 1331 1766 Pondere
1348 1703 1420 1764 Poe-

311 1814 386 1876 0niis
406 1821 539 1876 ueterum
559 1820 719 1874 memorata
739 1812 843 1874 libellis
858 1823 884 1873 et
900 1813 1003 1874 desiuit
1016 1815 1048 1872 in
1062 1811 1270 1884 hemistichium
1284 1812 1346 1874 Nec
1361 1826 1420 1870 non

311 1930 340 1984 et
355 1921 418 1984 sine
434 1922 526 2000 aquis
553 1921 718 2001 pertinebat
726 1920 879 1982 Petronius
895 1921 998 2001 asolio
1014 1921 1136 1982 secundo
1154 1937 1238 1980 verso
1250 1921 1418 1999 quaternio-

311 2034 357 2091 nis
373 2027 444 2090 VIII
457 2047 545 2110 usque
562 2030 599 2090 ael
614 2031 744 2109 quintum
757 2027 864 2108 solium
879 2046 996 2090 versum
1011 2023 1208 2108 quaternionis
1223 2024 1312 2088 VIIII
1317 2047 1325 2101 ;
1343 2043 1419 2088 num

310 2154 381 2196 vero
397 2139 533 2214 quoniam
548 2153 562 2196 e
577 2138 763 2215 quaternione
782 2132 866 2210 VIII,
887 2139 989 2216 quippe
1005 2139 1085 2198 cuius
1099 2135 1168 2198 boec
1182 2137 1276 2216 suerit
1290 2136 1418 2198 condicio

811 2246 829 2306 I
842 2243 914 2305 :8

808 2355 915 2416 2=7

807 2462 830 2524 3
840 2491 883 2516 π
895 2461 916 2524 6'

808 2569 914 2632 t=c

308 2699 368 2744 non
382 2689 536 2760 supersunt
549 2682 607 2740 nisi
620 2681 769 2742 exteriora
782 2678 858 2759 solio
872 2679 891 2738 1
907 2677 929 2738 2
945 2679 964 2736 7
979 2676 1007 2750 8,
1023 2696 1083 2740 uon
1100 2653 1226 2758 amplius
1244 2654 1382 2761 cersolio
1393 2685 1416 2736 et

309 2790 461 2854 climioliota
473 2788 528 2850 aluo
545 2798 624 2850 tenet.
655 2789 756 2852 euulsa
771 2792 847 2849 enim
863 2798 930 2848 sunt
939 2786 1014 2867 solia
1025 2797 1162 2867 quattuor
1173 2790 1249 2848 inter
1260 2789 1416 2850 secundum

311 2907 337 2960 et
350 2898 501 2976 septimum
516 2898 697 2975 interposito,
718 2894 741 2954 3
757 2914 821 2957 cum
836 2893 857 2955 6
872 2905 897 2956 et
912 2893 932 2956 4
949 2914 1014 2956 cum
1028 2893 1059 2967 5,
1075 2905 1141 2975 qast
1155 2905 1276 2980 aetatem
1290 2895 1414 2964 Polluci·

309 3023 409 3084 nempe
423 3007 448 3065 is
463 3023 535 3083 quac
550 3007 676 3074 enotavit
691 3021 728 3064 es
743 3002 988 3076 Altissioolurensi,
1004 3008 1072 3084 quia
1086 3002 1160 3064 nibil
1174 3005 1295 3085 differre
1310 3003 1416 3074 oBer-

192 3088 262 3116 '‘m'’
309 3105 393 3174 reensi
406 3103 548 3186 intelleni,
564 3129 624 3191 pro
641 3121 716 3173 certo
733 3111 795 3172 lico
812 3111 921 3174 librum
936 3111 1005 3173 olim
1021 3111 1289 3174 Altissioolurensem
1310 3128 1415 3196 osqar-

310 3230 401 3283 totum
425 3236 439 3280 e
461 3218 557 3281 Gallia
574 3237 629 3299 per
648 3218 787 3281 Iacobum
809 3219 1004 3304 Bonqorsium
1022 3223 1133 3301 sactum
1153 3240 1211 3284 esse
1231 3221 1413 3282 Beruensem.

309 3333 405 3412 itaque
430 3328 524 3412 deficit
541 3327 696 3389 berneresis
718 3327 803 3390 boelio
826 3339 891 3410 qest
917 3330 999 3410 prius
1018 3349 1046 3410 p.
1068 3331 1097 3404 6,
1116 3332 1134 3391 2
1164 3341 1191 3391 et
1208 3319 1326 3392 initium
1342 3345 1413 3390 rur·

308 3459 358 3506 sus
384 3443 460 3520 capit
485 3457 503 3499 o
528 3437 649 3500 Phoebo
671 3457 702 3518 p.
727 3437 801 3512 135,
822 3438 851 3498 2.
891 3437 944 3500 boc
974 3459 1038 3500 cum
1064 3439 1148 3502 ualle
1174 3437 1301 3500 dolerem
1325 3441 1357 3499 iu
1383 3453 1413 3496 eo

310 3549 403 3610 coelice
418 3566 473 3629 quo
487 3547 587 3610 nullus
601 3548 640 3610 ool
658 3548 869 3610 emendandum
888 3547 1056 3612 Petronium
1071 3546 1140 3628 plus
1160 3548 1291 3628 adferret
1304 3546 1412 3609 utilita-

308 3658 353 3725 tis,
368 3673 429 3716 eccc
447 3655 609 3717 Tbeoolorus
624 3656 820 3719 Mommsenus
838 3661 870 3718 in
890 3657 1060 3719 bibliotheca
1074 3655 1205 3718 Ieiolensi
1223 3655 1352 3734 alloquia
1366 3657 1413 3714 in-

308 3765 387 3822 vonit
400 3761 475 3822 libro
491 3773 555 3824 onte
566 3761 732 3834 Petoaiono,
748 3784 820 3826 mou
834 3763 972 3827 Vossiono
990 3764 1115 3842 cotoloqi
1124 3783 1153 3825 u.
1168 3763 1251 3824 XXX
1263 3767 1313 3844 qui
1322 3762 1412 3824 Plou-

308 3881 369 3932 tum
389 3872 524 3941 continet,
544 3871 600 3932 duo
621 3890 658 3932 coc
673 3872 733 3933 illis
746 3873 828 3953 soliis
842 3891 914 3954 quoe
930 3873 1035 3934 absunt
1050 3890 1068 3932 a
1082 3870 1236 3944 tremus,
1258 3875 1413 3934 tertiumsi

309 3988 453 4059 quartum.
483 3995 584 4040 eorum
600 3975 727 4041 alterum
739 3983 840 4061 incipit
855 3999 874 4042 o
886 4025 971 4041 .....
984 3999 1073 4060 quam
1088 3981 1124 4042 iel
1134 3980 1211 4060 quod
1224 3988 1329 4061 putant
1338 4001 1370 4061 p.
1383 3979 1410 4050 b,

308 4088 327 4148 2
349 4097 376 4149 et
397 4089 499 4150 desinit
516 4091 548 4149 in
571 4087 967 4168 causahucucnIssep.19‚
984 4090 1013 4162 4,
1035 4088 1158 4150 alterum
1173 4091 1276 4169 incipit
1292 4109 1310 4150 a
1323 4132 1408 4150 .....

308 4195 401 4274 magis
421 4187 520 4256 bostra
540 4213 734 4257 commoueat
743 4216 775 4276 p.
790 4196 843 4269 19,
861 4197 879 4256 5
895 4205 921 4256 et
935 4196 1038 4259 olesimt
1052 4201 1084 4258 in
1099 4197 1282 4260 dissImulata
1293 4199 1368 4277 perit
1378 4215 1408 4276 p.

307 4303 357 4375 95,
369 4305 417 4366 10.
445 4321 534 4386 neque
547 4306 639 4383 iqitur
652 4321 731 4366 nunc
746 4305 949 4368 desiderantur
962 4307 1021 4367 nisi
1032 4305 1108 4387 folia
1119 4309 1251 4386 quintum
1262 4315 1288 4368 et
1298 4315 1409 4368 scortum
