3128 4966
300 401 342 464 26
771 399 926 456 Pulhodll

296 545 401 636 ‘quare
415 547 494 635 ergo'
508 555 602 638 inquit
612 547 675 618 ‘me
694 575 756 620 uon
775 548 932 621 basiavit?’
960 563 1155 634 vocatumque
1170 555 1206 618 ad
1221 573 1253 618 se
1268 556 1298 619 in
1314 562 1451 619 osen-ho

298 655 360 717 lum
381 654 526 734 adplicuit.
556 673 626 716 rnox
647 674 766 717 manum
787 657 872 718 etiam
896 655 1013 718 demisit
1028 655 1058 716 in
1074 655 1172 716 sinum
1188 661 1216 715 et
1230 661 1405 735 pertractato

300 753 416 814 vasculo
432 760 492 815 tam
507 754 571 815 rudi
584 744 683 815 ‘haec'
696 755 791 836 inquit
800 747 885 817 ‘belle
897 774 959 816 cras
972 755 1002 816 in
1015 752 1198 834 promulside
1208 753 1336 815 libidinis
1349 771 1405 815 no-

302 857 377 912 strae
391 850 536 926 militabit;
551 851 639 912 hodie
653 854 731 915 enim
746 859 816 933 post
832 854 951 916 asellum
967 852 1056 914 diaria
1070 869 1131 914 non
1147 843 1253 912 sumo?

245 953 285 1016 25
386 967 452 1011 cum
467 951 539 1012 haec
550 950 665 1026 diceret,
679 951 715 1014 ad
727 971 826 1014 aurern
838 953 899 1015 eius
912 953 1023 1032 Psyche
1034 951 1134 1012 ridens
1146 949 1277 1023 accessit,
1294 957 1323 1011 et
1338 969 1405 1012 cum
1422 960 1436 1009 a

301 1047 421 1110 dixisset
434 1050 533 1111 nescio
547 1049 629 1130 quid,
640 1041 704 1126 ‘ita
719 1043 775 1113 ita'
789 1053 884 1132 inquit
895 1050 1033 1126 Quartilla
1045 1040 1134 1111 ‘hene
1146 1049 1333 1115 admonuisti.
1357 1066 1409 1109 cur

299 1165 375 1223 non,
396 1148 463 1229 quia
480 1147 638 1209 bellissima
659 1149 773 1211 occasio
794 1157 853 1224 est,
874 1150 1070 1230 devirginatur
1085 1147 1249 1229 Pannychis
1269 1135 1408 1208 nostrai'

160 1315 164 1324 ,
218 1289 220 1294 -
301 1247 499 1325 continuoque
519 1248 660 1326 producta
683 1255 727 1310 est
746 1249 841 1327 puella
857 1249 927 1310 satis
942 1247 1015 1312 bella
1031 1255 1059 1310 et
1074 1265 1146 1327 quae
1160 1263 1222 1308 non
1237 1245 1303 1325 plus
1320 1263 1407 1324 quam

301 1352 414 1425 septem
427 1364 521 1407 annos
533 1345 640 1408 habere
651 1346 808 1423 videbatur,
826 1350 870 1426 [et]
885 1367 918 1408 ea
930 1347 995 1426 ipsa
1008 1365 1081 1426 quae
1093 1347 1221 1426 primum
1235 1363 1301 1406 cum
1311 1344 1407 1417 Quar-

301 1443 359 1506 tilla
374 1452 493 1506 venerat
506 1445 538 1505 in
552 1452 685 1507 nostram
702 1446 811 1508 cellam.
842 1445 1045 1526 plaudentibus
1062 1463 1130 1522 ergo
1147 1443 1292 1506 universis
1307 1449 1336 1504 et
1350 1460 1405 1522 po·
1425 1453 1451 1504 10

268 1577 270 1580 ·
301 1541 476 1606 stillantibus
503 1543 621 1623 nuptias
645 1545 802 1622 [fecerunt]
825 1544 966 1624 obstupui
986 1562 1039 1623 ego
1061 1550 1090 1604 et
1108 1561 1164 1604 nec
1186 1541 1306 1615 Gitona,
1327 1559 1408 1602 vere-

302 1640 514 1704 cundissimum
526 1661 660 1722 puerum,
676 1644 810 1704 sufficere
822 1643 889 1705 huic
901 1642 1074 1723 petulantiae
1085 1639 1244 1713 adfirmavi,
1259 1657 1315 1700 nec
1326 1638 1408 1718 puel·

251 1735 267 1746 ”
300 1740 357 1800 lam
374 1739 436 1801 eius
452 1740 553 1802 aetatis
568 1759 647 1818 esse,
662 1748 696 1802 ut
709 1742 860 1804 muliebris
875 1741 1031 1822 patientiae
1044 1741 1137 1819 legem
1153 1745 1256 1818 posset
1269 1737 1407 1816 accipere.

297 1829 366 1900 ‘ita'
386 1838 480 1920 inquit
498 1839 636 1914 Quartilla
654 1829 768 1902 ‘minor
788 1847 834 1902 est
852 1839 922 1915 ista,
942 1857 1030 1919 quam
1051 1858 1104 1917 ego
1124 1837 1180 1912 fui,
1197 1836 1407 1916 cumprimum

303 2015 597 2034 -Ψ--ι--ή-η

375 2105 388 2152 1
406 2093 560 2153 ‘Gnitonem
577 2101 611 2154 ol.
631 2097 660 2156 c.'
676 2111 739 2170 post
756 2120 782 2156 se
800 2103 863 2154 odd.
883 2119 973 2169 morqo
991 2105 1016 2153 L
1132 2104 1147 2150 2
1167 2101 1283 2165 adplicuit
1300 2099 1341 2150 B:
1359 2115 1409 2150 sm·

301 2175 388 2240 plicuit
406 2174 438 2238 P,
457 2175 577 2238 applicuit
594 2175 690 2240 reliqui
796 2191 905 2240 moxque
923 2175 949 2226 P
1068 2175 1142 2224 ctiam
1159 2171 1250 2222 ΒΜΓ.-
1270 2187 1316 2223 orn.
1335 2171 1409 2222 AOD

302 2244 427 2295 EPGPst
539 2247 636 2298 demisit
653 2247 781 2313 ABLtp,
799 2264 888 2313 morqo
908 2254 930 2296 t:
949 2247 1040 2296 dimisit
1060 2243 1233 2296 ODEFuPu
1356 2258 1409 2308 per·

302 2324 407 2367 tractato
426 2315 528 2382 BLPp,
547 2333 638 2389 murqo
655 2326 677 2368 t:
696 2327 820 2384 pertracto
841 2317 997 2380 ODEFGst,
1015 2325 1141 2382 protracto
1160 2316 1193 2368 A.
1230 2323 1340 2366 ceterum
1357 2330 1409 2379 per·

303 2395 407 2438 trectsto
432 2389 582 2439 Petronium
607 2388 707 2442 dedisse
730 2391 885 2442 Burruuuuo
904 2390 1029 2440 assentior
1172 2389 1186 2436 3
1211 2394 1265 2436 tum
1286 2403 1376 2452 morqo
1395 2392 1410 2448 t,

302 2467 354 2510 tam
379 2461 439 2510 rude
467 2465 516 2510 hoc
541 2461 649 2527 Iu'psiue
774 2465 838 2512 haec
862 2462 945 2528 BLp,
973 2476 1063 2526 morqo
1090 2465 1101 2510 t
1125 2466 1155 2508 ut
1180 2459 1303 2509 mentula*
1317 2457 1410 2508 intelic-

300 2539 381 2597 qutur
406 2531 469 2586 eoul.
499 2549 555 2597 cap.
582 2535 646 2583 132:
674 2535 725 2584 hoc
752 2535 847 2600 reliqui
984 2540 1035 2582 tem
1062 2531 1122 2580 rude
1150 2535 1210 2593 hoc,
1238 2531 1328 2595 inquit,
1357 2529 1411 2578 belli

303 2603 429 2654 Heinsius
547 2607 687 2668 promuside
709 2604 733 2656 G
858 2606 927 2654 imi
944 2600 1023 2654 litabit
1042 2601 1189 2654 Gbeurueus
1314 2615 1410 2651 summo

303 2673 358 2726 AF
480 2675 494 2724 5
514 2677 564 2725 hoc
582 2676 687 2741 BFPpt
814 2693 934 2726 ausuram
951 2683 1077 2726 mutatum
1095 2689 1126 2725 eu
1145 2673 1266 2724 adtiurcm
1283 2671 1310 2722 P

303 2748 398 2866 psyche
412 2800 445 2865 Β,
464 2800 496 2853 Ψ.
507 2801 535 2854 ‘ii
546 2801 582 2854 Χ.
592 2802 618 2850 Η
636 2799 667 2865 Ρ,
687 2785 758 2872 ψυχή
771 2799 853 2851 ADE
864 2799 903 2868 (iu
914 2801 1020 2865 rusuro)
1034 2797 1067 2864 F,
1086 2797 1154 2850 idern
1172 2797 1204 2848 ob
1223 2797 1274 2847 olio
1292 2795 1410 2847 additum

306 2870 338 2934 G,
358 2887 404 2926 out.
426 2871 547 2936 Osputio
565 2872 660 2924 relicto.
699 2875 781 2922 anime
800 2874 878 2936 psichi
898 2889 988 2939 marqo
1007 2873 1032 2922 A
1140 2873 1154 2920 6
1175 2871 1232 2933 quid
1251 2885 1298 2918 oue.
1318 2869 1344 2919 A

304 2942 459 2992 ulterumita
472 2942 559 2993 oru.F
661 2942 814 3007 tarquideF
916 2943 1075 2994 ammonuisti
1084 2941 1116 3005 P,
1128 2941 1245 2991 monuisti
1257 2937 1314 2990 ΑΡ

306 3019 319 3064 7
336 3015 478 3064 bellissums
490 3013 515 3064 P
621 3017 718 3074 occasio
738 3022 775 3064 est
786 3015 879 3080 BPpt:
899 3023 936 3065 est
953 3017 1051 3065 occasio
1065 3014 1141 3064 cereri
1248 3011 1413 3075 deuirginctur

299 3093 341 3152 pt,
360 3087 558 3150 deuirginitatem
576 3084 603 3136 P
724 3087 866 3153 Pannychis
886 3087 923 3136 L:
947 3086 1083 3137 Pennichis
1097 3101 1119 3151 p
1138 3081 1278 3136 secudum
1295 3090 1412 3145 ueterem,

583 3182 594 3211 S

286 3233 287 3236 ’
304 3227 417 3292 panichis
435 3226 474 3291 B,
493 3229 623 3294 parrochie
643 3225 680 3292 P,
704 3228 844 3292 panichidis
863 3225 1001 3292 Adnue,
1022 3227 1191 3292 Pannychidis
1209 3239 1298 3290 murqo
1317 3231 1333 3288 t,
1352 3239 1413 3288 pen·

305 3299 384 3348 chidis
398 3299 430 3362 Ε,
450 3300 579 3363 paniclidis
593 3298 622 3348 F
711 3298 995 3364 ScontinuequeAEP
1098 3295 1254 3362 product00
1359 3296 1415 3359 quis

306 3369 357 3420 AB
361 3368 524 3420 ODEFGst:
542 3387 605 3435 quae
619 3387 676 3421 curra
685 3369 751 3436 LPp
763 3371 893 3438 morqiues
905 3388 917 3420 s
930 3370 963 3420 de
976 3369 1122 3420 couiecturu
1131 3367 1253 3418 Sorobuci
1265 3373 1311 3416 att

305 3457 342 3492 vn
360 3441 386 3491 P
487 3445 500 3492 9
520 3458 600 3492 annos
618 3443 737 3492 ornissurn
755 3442 784 3492 iu
797 3442 959 3494 Freeeutior
976 3457 1069 3492 mortus
1077 3441 1241 3506 posthabere
1252 3437 1366 3502 morqiui
1377 3437 1415 3487 iu-

249 3547 252 3552 ·
305 3513 409 3579 scripsit
421 3512 537 3564 ordinem
549 3515 586 3566 sic
599 3515 728 3580 corriperis
741 3510 834 3564 haberi
844 3511 923 3564 onuba
1005 3512 1102 3564 etlibri
1115 3527 1213 3562 moues:
1226 3509 1370 3560 deleuduru
1389 3516 1415 3556 ut

307 3585 370 3637 corti.
385 3583 528 3635 Sumbucus
611 3588 719 3650 primum
728 3584 820 3651 BPpa·
833 3601 879 3635 otu.
891 3585 1063 3637 AODEGLs.
1076 3585 1253 3649 primumcum
1263 3597 1310 3633 otu.
1320 3579 1349 3630 P

308 3658 340 3706 10
364 3657 389 3705 in
413 3658 501 3706 cellam
525 3665 627 3708 uenerat
649 3664 760 3707 nostram
783 3657 918 3708 iuuertuut
934 3656 1015 3722 BPpt
1105 3653 1109 3660 ’
1140 3657 1171 3704 11
1192 3655 1304 3704 lecerunt
1326 3650 1417 3703 secltrsi

1266 3751 1280 3778 0

307 3813 365 3850 cum
383 3795 545 3848 Morumseuo.
577 3796 704 3863 corripere
716 3797 804 3848 saltem
817 3799 928 3849 lacerent
940 3795 1084 3848 debuerunt
1190 3795 1248 3860 ego]
1262 3811 1279 3859 g
1292 3791 1321 3844 F

310 3877 404 3935 gytona
422 3867 482 3932 Bu,
501 3869 613 3934 gythone
631 3869 664 3932 A,
684 3869 794 3919 Gnitona
813 3870 837 3918 L
946 3872 977 3918 12
996 3869 1146 3934 petulentiae
1164 3865 1190 3916 B
1288 3864 1418 3914 adfirmsui

306 3939 347 3993 B:
365 3941 487 3990 affirmem
505 3939 600 4003 reliqui
700 3942 731 3989 13
750 3942 891 3992 mulieribus
910 3938 939 3990 P
948 3957 993 4005 pr.
1011 3956 1045 3991 uu
1065 3945 1205 3990 comesturo
1222 3935 1255 3986 ab
1273 3935 1328 3986 ulie
1343 3951 1376 3985 ru.
1390 3934 1418 3984 iu

308 4011 425 4076 marqiue
531 4013 669 4075 pacientiae
688 4012 714 4062 B
820 4013 899 4076 possit
917 4010 943 4061 P
1062 4014 1094 4060 14
1112 4013 1194 4073 itaque
1213 4006 1335 4058 Aruns.
1369 3997 1417 4056 ‘ab

307 4075 386 4135 itane'
409 4081 560 4132 Potisscuus
583 4082 665 4147 idque
681 4081 808 4148 probauit
824 4082 951 4134 Heinsius
1057 4083 1105 4132 ista
1122 4079 1245 4145 BDPpt‚
1260 4071 1324 4129 ‘isto
1341 4093 1367 4128 u.
1387 4068 1415 4130 c.'

308 4169 399 4220 usurpo
417 4154 457 4203 L:
476 4168 524 4204 out.
542 4152 704 4205 Achaeus
810 4157 918 4220 primum
937 4169 983 4204 om.
1004 4151 1155 4216 Amanus,
1176 4151 1205 4202 iu
1217 4152 1242 4201 L
1254 4149 1374 4202 additum
1390 4147 1418 4201 ir

309 4224 434 4294 ruurqiue.
471 4227 578 4289 primum
597 4227 678 4278 uirum
698 4242 744 4280 ora.
765 4223 789 4276 (J
