3008 4962
1136 404 1192 448 XXV

73 541 179 604 scitans
295 541 334 601 15
354 539 534 626 conpellebat
637 537 979 621 p.134‚1antemnam
1093 537 1235 628 consi-U

75 651 189 712 derant
290 648 403 710 2texis
418 648 629 711 harundinibus
754 647 909 727 3inligate
1033 647 1192 728 4piunss-

76 777 139 840 que
257 757 432 837 Spargebat
547 757 821 837 'istincmososque
941 756 978 817 10
995 755 1091 818 solum

80 869 120 928 11
140 868 265 947 hyemps
365 865 403 926 13
420 865 545 926 astrictis
629 885 660 946 p.
672 865 740 939 135,
753 866 841 927 1-5
857 865 910 926 boo
922 866 1023 927 ordine
1034 865 1132 927 infelix
1140 899 1191 940 —‚

78 983 110 1036 at
125 993 209 1036 nunc
222 1010 281 1046 -,
297 973 419 1035 ridentis
433 1010 491 1048 --,
507 973 627 1035 Phoebo
644 973 775 1053 pulcrior
790 1007 846 1047 —‚
862 973 996 1034 horti-
1097 972 1117 1033 9
1137 972 1192 1034 tri-

78 1084 181 1163 phone
284 1082 323 1142 12
338 1082 457 1143 acnouit
557 1082 653 1161 deficit
666 1101 754 1144 oersu
772 1082 809 1143 13
826 1082 918 1157 dedit,
929 1083 1026 1161 perpit
1038 1100 1067 1161 p.
1085 1081 1156 1156 136,
1173 1081 1192 1142 6

80 1200 215 1253 ceterum
235 1189 398 1270 Eumolpos
418 1197 447 1250 et
467 1190 630 1269 periclitam
651 1190 810 1252 aduocatos
925 1191 943 1250 7
970 1195 1052 1252 actor
1071 1189 1102 1251 ni
1122 1189 1191 1250 sile-

80 1308 130 1361 ret
235 1300 270 1359 11
289 1297 394 1360 seculis
411 1297 486 1359 dicta
590 1297 628 1358 13
645 1299 688 1359 sic
704 1316 790 1360 orsus
806 1305 860 1360 est.

100 1563 103 1578 ἢ
169 1484 233 1547 Hos
260 1486 369 1548 codices
383 1503 508 1566 quarunt
530 1483 636 1546 similes
656 1495 738 1564 atque
756 1487 864 1564 pantini
881 1502 941 1546 non
958 1484 1094 1546 mirabor
1112 1487 1139 1546 si
1156 1503 1194 1547 eu

82 1596 150 1656 aliis
163 1594 341 1657 bibliothecis
348 1593 560 1675 protrudentur
571 1596 602 1654 in
613 1592 714 1664 lucem,
723 1603 881 1673 propterea
892 1596 923 1653 in
934 1593 1032 1654 eodem
1042 1596 1195 1655 universos

83 1705 189 1766 ordine
201 1702 351 1773 coltooooi,
368 1703 443 1781 quod
456 1699 620 1781 particulas
635 1705 743 1763 satirae
762 1701 1098 1782 comprehenduntnullo
1111 1701 1193 1764 iocu-

83 1831 140 1874 nae
165 1815 247 1891 sip-no
275 1812 431 1890 diremptas
449 1811 498 1870 sed
516 1819 673 1890 perpetuae
692 1813 877 1871 narrationis
896 1813 990 1871 instar
1007 1821 1195 1889 conprepatos

79 1921 171 2002 piane
198 1921 322 1991 easdem,
342 1922 368 1979 si
387 1919 549 1980 discesseris
569 1937 588 1978 a
609 1921 794 1998 paucissimis
813 1929 840 1980 et
850 1936 994 1999 perquam
1015 1919 1128 1997 euipuis
1149 1918 1197 1980 oei

85 2028 258 2092 dictionibus
269 2026 316 2088 ool
325 2026 570 2088 enuntiationibus
581 2044 653 2106 quos
664 2025 718 2087 abii
727 2025 841 2100 babent,
854 2009 907 2088 olii
916 2043 975 2087 non
986 2026 1098 2088 babent.
1118 2026 1197 2090 oelut

82 2158 113 2219 p.
126 2137 197 2209 131,
215 2136 255 2197 25
270 2153 332 2196 non
343 2135 516 2197 tralaticium
535 2134 640 2196 obsuou
651 2134 686 2196 ab
700 2135 833 2196 omnibus
840 2146 959 2216 praeter
970 2133 1195 2198 ditissioduren-

84 2265 143 2307 sem
156 2244 204 2321 (Β)
221 2244 289 2315 etP,
302 2263 333 2324 p.
346 2243 414 2316 189,
429 2243 560 2323 'tutique
577 2244 623 2305 dic
638 2243 776 2305 feriarum
789 2259 848 2323 quo
860 2243 946 2305 etiam
957 2244 1089 2324 lugentes
1099 2244 1196 2306 rident

85 2357 117 2415 in
136 2353 219 2414 nullo
241 2352 376 2432 iepuntur
390 2362 510 2432 praeter
529 2350 562 2425 B,
573 2371 604 2432 p.
621 2351 689 2426 189,
705 2352 743 2412 12
764 2351 811 2412 his
833 2352 937 2413 auditis
954 2351 1104 2414 Oenothea
1120 2352 1195 2415 inter

86 2469 244 2541 utrumque
255 2460 387 2522 consedit
398 2469 538 2540 motoque
549 2460 658 2522 diutius
670 2459 763 2540 capite
772 2462 877 2522 onn'ssa
887 2459 1084 2522 r‘nABCFGPs
1093 2473 1195 2525 extare
1275 2477 1281 2492 ⁸

87 2571 222 2633 videntur
236 2573 268 2629 in
278 2569 339 2645 DE,
355 2573 413 2631 nisi
424 2572 501 2654 forte
517 2571 585 2650 puid
595 2569 719 2631 bumoni
727 2566 831 2629 Iabnio
844 2569 947 2631 accidit
957 2569 1009 2630 bos
1020 2568 1112 2630 libros
1122 2588 1194 2650 per·

87 2681 224 2741 enormi.
253 2689 377 2741 ceterum
391 2697 463 2759 puae
476 2681 599 2740 continet
609 2677 678 2738 boec
690 2677 819 2738 codicum
830 2677 992 2749 multitudo,
1008 2681 1146 2758 quoniam
1160 2697 1195 2739 eo

86 2791 116 2848 in
128 2786 292 2867 exemplari
298 2805 359 2848 meo
371 2789 456 2848 recn‘s
468 2785 551 2846 lineis
562 2795 588 2847 et
598 2788 629 2846 in
640 2789 772 2865 morpiue
783 2785 958 2866 impressaO
969 2785 1064 2848 littera
1076 2788 1197 2850 distinai
1214 2797 1234 2850 0

87 2896 122 2956 ab
135 2895 194 2957 iilis
205 2893 307 2975 quaet]
316 2895 451 2956 odiuooit
463 2892 711 2973 autTrapuriense
722 2912 807 2956 omae
819 2895 1018 2976 opoprapbon,
1027 2895 1195 2976 uispillotirn

87 3004 138 3066 boc
154 3004 215 3065 iaco
231 3004 363 3065 indicare
377 3002 555 3082 supersedeo.
584 3011 721 3064 aotmtato
735 3002 824 3064 nmui
838 3013 865 3064 et
878 3007 986 3066 eur'mia
1002 3005 1125 3067 bonitate
1140 3025 1196 3067 ea·

88 3112 163 3175 cellit
173 3111 197 3172 B
208 3115 259 3193 qui
269 3121 375 3173 ceteros
385 3114 445 3172 sine
461 3110 547 3171 dubio
563 3121 589 3170 et
602 3113 634 3172 in
646 3113 726 3172 omni
737 3129 840 3190 penore
850 3112 959 3192 procul
973 3133 1032 3175 ase
1042 3113 1194 3195 relinquit·

88 3221 296 3301 interiorque
312 3223 427 3301 quisque
439 3221 563 3299 propius
579 3219 687 3280 accedit
700 3220 739 3281 od
749 3218 782 3291 B,
799 3237 830 3282 eo
842 3221 938 3282 uideri
951 3222 1194 3304 debetproeston-

89 3334 152 3392 tior.
177 3332 289 3408 attinpit
299 3347 364 3390 cuno
371 3331 595 3409 propinquitate,
606 3338 638 3389 ut
648 3347 740 3409 supro
752 3329 823 3400 din,
835 3329 988 3392 Parisinus
1000 3328 1086 3391 6842
1096 3330 1124 3393 D
1134 3329 1193 3406 (R),

89 3457 193 3520 mopna
220 3440 386 3516 copuatione
412 3433 498 3498 e‘tioor
524 3436 556 3497 P.
592 3436 704 3516 inopius
730 3437 766 3498 ab
792 3435 843 3497 illo
862 3447 990 3498 remotus
1009 3436 1033 3497 Α
1053 3447 1094 3500 est
1111 3456 1195 3518 quem

90 3546 279 3610 aemulatione
298 3549 437 3610 ostiorum
452 3544 625 3626 Fsepuitur.
659 3544 683 3606 Τ
680 3548 880 3625 ropuriensene
895 3546 1059 3626 adaequant
1072 3546 1195 3610 utilitate

89 3658 158 3720 libri
171 3653 228 3716 XV
240 3655 354 3716 saecuto
369 3658 401 3716 in
415 3652 504 3716 ltoiio
518 3655 620 3734 scripti
634 3652 683 3714 CD
697 3652 911 3715 laurentianus
926 3664 952 3715 et
967 3655 1122 3717 deteriores
1137 3656 1193 3718 ali-

89 3773 192 3846 puanta
206 3760 260 3824 ds.
287 3761 419 3842 nequod,
432 3765 458 3822 si
471 3765 618 3841 occeperis
629 3780 701 3841 puae
713 3762 747 3822 de
758 3780 789 3823 eo
803 3762 904 3842 collepi
913 3781 951 3824 oso
962 3763 1073 3826 nuntio
1086 3763 1193 3837 Iabnii,

89 3890 263 3956 quamquam
283 3874 449 3950 antiquitate
465 3869 612 3950 plurimos
631 3879 761 3948 superat,
781 3870 876 3933 ulduno
895 3873 1016 3934 ostendit
1034 3873 1195 3953 stapularis

89 3984 202 4044 virtutis
216 3982 375 4059 oestipiurn.
405 3997 475 4039 nam
490 3979 566 4059 quod
575 3998 607 4058 p.
625 3978 695 4047 151,
712 3980 731 4038 4
748 3978 937 4060 comprobavi
949 3989 1067 4059 portum
1083 3981 1194 4044 felicio·

89 4109 159 4164 rem,
180 4107 217 4150 ne
237 4090 310 4150 ortis
328 4087 417 4168 plena
432 4090 525 4150 oratio
542 4088 759 4167 deformaretur
772 4088 864 4150 facilis
878 4089 1017 4151 oocabuii
1029 4093 1194 4170 repetitione

90 4197 207 4272 insuite,
225 4196 280 4258 bac
290 4200 322 4257 in
332 4215 365 4257 re
376 4200 428 4258 orio
436 4196 505 4276 plus
515 4195 631 4258 oalebot
642 4195 925 4259 libriMessauiensis
936 4202 1095 4260 auctoritas
1106 4214 1193 4278 quarn
