3022 4956
307 434 368 498 128
783 429 938 484 rnrnonu

305 589 393 650 Giton
413 587 537 650 mirabili
556 587 652 650 lorma
672 595 868 650 exarmaverat
887 593 991 647 nautas
1018 591 1211 666 coeperatque
1236 588 1317 649 etiam
1341 589 1436 648 sincL

305 707 376 748 voce
392 688 552 748 saevientes
567 705 681 766 rogare,
698 705 764 746 cum
780 685 899 746 ancillae
914 685 1022 764 pariter
1033 683 1232 764 proclamant:
1245 679 1339 748 ‘Giton
1349 695 1395 758 est,

305 786 403 860 Giton,
422 785 551 847 inhibete
567 784 782 848 crudelissimas
798 802 917 858 manus3
933 784 1021 845 Giton
1037 792 1088 857 est,
1103 767 1233 857 domina,
1251 776 1396 848 succurre.

306 886 432 947 dellectit
451 903 535 948 aures
552 885 724 964 Tryphaena
743 883 802 943 iam
823 901 875 944 sua
896 891 1004 962 sponte
1023 883 1175 944 credentes
1195 885 1355 964 raptimque
1369 884 1398 945 ad

305 1004 430 1066 puerum
450 983 571 1046 devolat.
601 982 718 1055 Lichas,
738 981 787 1060 qui
808 999 855 1042 me
870 982 981 1060 optime
996 990 1129 1054 noverat,
1148 988 1289 1062 tanquam
1304 983 1397 1062 etipse
1416 993 1432 1042 5

305 1102 406 1145 vocem
422 1082 564 1154 audisset,
587 1081 713 1142 accurrit
732 1088 760 1140 et
780 1098 834 1140 nec
854 1098 961 1142 manus
977 1095 1031 1139 nec
1045 1077 1147 1140 faciem
1165 1099 1262 1142 meam
1278 1083 1400 1144 conside-

305 1183 387 1257 ravit,
405 1181 455 1243 sed
472 1181 610 1243 continuo
626 1179 661 1240 ad
677 1179 795 1257 inguina
810 1197 873 1239 mes
889 1177 1049 1239 luminibus
1062 1177 1181 1238 dederis
1194 1180 1287 1241 movit
1298 1179 1399 1240 officio-

306 1301 370 1344 sam
392 1298 513 1342 manum
530 1287 559 1340 et
569 1264 669 1340 ‘salve'
685 1277 779 1358 inquit
789 1269 946 1356 ‘Encolpi'.
974 1277 1096 1338 miretur
1110 1295 1191 1362 nunc
1204 1279 1308 1358 aliquis
1323 1279 1400 1340 Vlixis

305 1377 448 1440 nutricem
470 1385 539 1455 post
558 1376 730 1438 vicesimum
751 1393 860 1437 annum
881 1377 1045 1437 cicatricem
1066 1375 1214 1436 invenisse
1230 1378 1347 1456 originis
1361 1377 1400 1437 in-

306 1478 410 1552 dicem,
423 1493 490 1537 cmn
502 1476 593 1536 homo
606 1474 852 1554 prudentissimus
860 1475 991 1535 confusis
1004 1475 1287 1553 omnibuscorporis
1297 1476 1402 1554 orisque
1421 1482 1450 1531 lo

305 1573 480 1638 liniamentis
501 1574 536 1636 ad
558 1573 679 1635 unicum
698 1574 808 1654 fugitivi
828 1581 1031 1652 argumentum
1053 1580 1113 1634 tam
1134 1575 1220 1635 docte
1239 1573 1401 1654 pervenerit.

305 1675 477 1756 Tryphaena
493 1673 627 1735 lacrimas
644 1674 745 1735 alludit
759 1675 878 1752 decepta
894 1672 1037 1752 supplicio
1050 1692 1170 1733 —vera
1186 1674 1264 1734 enim
1280 1673 1403 1750 stigmata

306 1774 441 1837 credebat
461 1773 642 1852 captivorum
660 1774 808 1834 frontibus
829 1772 1031 1852 impressa-
1050 1771 1251 1850 sciscitarique
1272 1771 1402 1832 summis-

305 1874 367 1935 sius
388 1875 497 1954 coepit,
520 1872 598 1952 quod
620 1871 797 1949 ergastulum
812 1869 1017 1949 intercepisset
1030 1878 1173 1944 errantes,
1191 1878 1242 1932 aut
1256 1871 1337 1932 cuius
1351 1876 1403 1930 tam

305 1972 437 2034 crudeles
463 1988 569 2032 manus
595 1970 626 2030 in
651 1970 710 2030 hoc
733 1969 909 2049 supplicium
932 1969 1097 2030 durassent.
1127 1969 1273 2030 meruisse
1293 1969 1404 2048 quidem
1422 1977 1448 2026 15

306 2067 512 2130 contumeliam
529 2069 655 2148 aliquam
669 2067 817 2147 fugitivos,
834 2067 939 2148 quibus
952 2067 982 2128 in
998 2068 1096 2129 odium
1109 2068 1187 2130 bona
1200 2087 1253 2130 sua
1263 2068 1406 2128 venissent

238 2170 298 2232 106
308 2213 413 2228 .....
430 2167 591 2228 concitatus
607 2166 754 2228 iracundia
770 2168 896 2246 prosiliit
906 2167 1010 2228 Lichas
1023 2175 1051 2227 et
1062 2158 1092 2226 ‘o
1104 2157 1141 2226 tc'
1157 2159 1405 2248 inquit‘leminam

307 2265 481 2346 simplicem,
496 2273 634 2345 tanquam
650 2265 770 2330 vulnera
784 2263 862 2324 ferro
879 2272 1048 2344 praeparata
1063 2263 1172 2325 litteras
1187 2265 1324 2326 biberint.
1353 2265 1406 2326 uti-

305 2382 374 2426 nam
397 2363 515 2444 quidem
537 2363 594 2426 hac·
610 2384 642 2426 se
663 2363 855 2442 inscriptione
874 2363 980 2424 frontis
1002 2361 1211 2424 maculassent:
1237 2363 1407 2425 haberemus

305 2483 362 2526 nos
389 2470 549 2525 extremum
577 2463 722 2524 solatium.
758 2479 837 2522 nnnc
862 2459 987 2522 mimicis
1013 2461 1123 2522 artibus
1150 2463 1231 2542 petiti
1259 2482 1362 2524 sumus
1382 2469 1408 2522 et
1424 2471 1450 2522 tt

307 2563 479 2628 adumbrata
494 2561 686 2642 inscriptione
702 2551 808 2622 derisi?

390 2662 507 2723 volebat
521 2663 692 2744 Tryphaena
712 2659 858 2732 misereri,
879 2656 946 2738 quia
966 2677 1026 2719 non
1042 2665 1134 2719 totam
1150 2660 1331 2740 voluptatem
1346 2679 1409 2740 per-

307 2762 431 2835 diderat,
448 2762 499 2823 sed
511 2761 614 2822 Lichas
630 2777 746 2820 memor
760 2759 855 2820 adhuo
869 2757 970 2819 uxoris
987 2766 1142 2836 corruptae
1154 2760 1409 2821 contumeliarum-

306 2879 377 2939 que,
399 2858 517 2939 quasin
533 2859 665 2920 Herculis
681 2857 797 2938 porticu
813 2863 974 2936 acceperat,
989 2857 1105 2918 turbato
1121 2856 1321 2920 vehementius
1337 2859 1410 2920 vultu

305 2957 482 3036 proclamat:
495 2950 579 3018 ‘deos
594 2956 774 3018 immortales
786 2974 885 3017 rerum
896 2957 1090 3018 humanarum
1103 2976 1188 3036 agere
1201 2977 1314 3032 curam,
1331 2964 1409 3038 puto,
1425 2968 1451 3018 25

306 3097 605 3105 ————-—-·--->.-—·--

380 3149 542 3200 lGuitonL
634 3150 763 3199 miserabili
781 3157 900 3216 margot
989 3153 1068 3201 2613
1089 3151 1180 3202 Guiton
1200 3151 1297 3216 ubique
1312 3153 1337 3201 L

308 3226 379 3274 dest
397 3229 457 3272 unte
474 3222 584 3271 inhibete
603 3221 798 3271 Brouchhuaiuc
816 3221 882 3270 addi
900 3221 985 3272 uoluit
1082 3224 1190 3272 beriam
1209 3222 1234 3272 L
1332 3225 1413 3274 snu-

306 3297 371 3362 eolpi
389 3293 450 3346 libri
548 3293 636 3360 Vlyxis
650 3300 690 3358 pt,
711 3294 805 3359 lessis
823 3293 848 3342 L
940 3295 971 3342 10
990 3295 1181 3358 pudentissimas
1200 3295 1304 3359 Deuca,
1324 3297 1413 3360 impru-

306 3369 462 3420 dentissimus
472 3364 611 3432 Scioppius
683 3366 780 3428 orisque
794 3365 898 3430 serapti:
911 3366 1106 3430 iudiciorumque
1117 3375 1207 3416 nutum
1220 3382 1253 3416 eu
1261 3383 1414 3434 praegresso

305 3443 412 3492 indicem
429 3440 497 3494 libri.
534 3440 606 3489 faciei
625 3453 672 3502 que
690 3444 803 3502 margot
900 3440 931 3486 12
951 3439 1072 3503 lacrymas
1090 3437 1114 3486 L
1206 3441 1239 3487 14
1257 3439 1414 3489 intersusce·

305 3547 382 3610 pisset
395 3547 419 3596 L
437 3547 466 3596 in
479 3546 567 3610 primo
585 3561 664 3596 neren
774 3545 804 3591 16
825 3538 933 3606 aliqdam
949 3537 1124 3594 contumelliam
1137 3544 1161 3592 L
1166 3561 1175 3604 ,·
1194 3545 1325 3608 antiquam
1338 3545 1415 3595 Mena-

305 3618 415 3670 anianus.
435 3626 562 3681 tamquam
574 3619 670 3667 Donec
810 3617 840 3663 ll
861 3614 982 3664 lacunam
995 3615 1074 3680 posui
1092 3633 1148 3666 cum
1165 3615 1220 3665 eine
1239 3615 1318 3666 dubio
1333 3617 1415 3680 pardo

302 3687 407 3750 plenior
424 3687 483 3736 olim
504 3687 676 3754 Tryphaenae
694 3685 777 3737 oratio
788 3685 877 3751 suerit
893 3687 982 3736 saltent
1000 3686 1039 3737 hia
1057 3687 1156 3738 additia
1168 3695 1206 3736 set
1218 3703 1268 3737 non
1283 3698 1336 3737 tam
1349 3705 1415 3739 acer-

306 3759 365 3806 bam
491 3763 522 3809 19
543 3763 621 3810 hacce
640 3759 799 3822 inscriptione
819 3759 912 3808 frontes
930 3757 1140 3824 Iunpermonnua
1259 3762 1294 3808 20
1313 3761 1416 3811 mimicis

303 3843 338 3892 p:
356 3829 460 3879 inimicis
479 3837 552 3880 uetus
572 3830 682 3894 Pitheci,
700 3830 793 3879 inimici
812 3830 848 3878 Lt
937 3833 968 3878 21
990 3833 1135 3880 abumbrata
1153 3829 1328 3880 hlemnzianue

308 3903 341 3948 22
361 3901 471 3950 nondum
490 3901 685 3952 maluitDouzu
805 3903 837 3951 23
857 3903 1049 3966 iniurinrnmque
1063 3920 1085 3968 p
1104 3901 1327 3966 dilectationem,
1348 3902 1417 3968 quod

307 3971 537 4021 cmnmendouerim
555 3974 619 4023 conl.
637 3989 664 4026 u.
679 3977 709 4022 16
811 3977 845 4022 24
864 3976 961 4038 porticu
979 3975 1090 4026 Hereuhs
1109 3973 1254 4038 transponit
1272 3982 1288 4026 t.
1321 3975 1416 4040 inquo

308 4041 403 4108 oppido
420 4043 467 4093 illc
483 4043 571 4108 fuerit
582 4061 693 4108 prorsus
711 4044 851 4096 incertum:
883 4045 985 4096 Tiburis
1003 4047 1153 4096 mentionem
1175 4045 1263 4094 iniecit
1284 4045 1417 4106 Pithoeus,

307 4115 405 4167 Bonane
423 4115 525 4178 Deuca,
544 4115 737 4166 Herculaneum
755 4116 952 4180 deprehendisse
969 4116 1018 4167 sihi
1034 4117 1174 4168 uidebatur
1197 4115 1416 4182 Winhelmonnua,

306 4186 389 4254 inopie
412 4186 444 4238 de
466 4185 576 4236 Torento
598 4187 764 4251 copitcuerim
908 4191 940 4238 25
961 4197 1019 4239 ante
1043 4206 1126 4240 rerum
1151 4189 1263 4239 litterula
1286 4188 1373 4240 deleta
1392 4189 1417 4242 in

308 4261 333 4311 L
439 4261 532 4310 habere
550 4257 721 4309 Memmionue
