3022 4956
308 439 349 504 32
786 429 942 482 rnrnouu

306 595 452 674 parentat.
477 595 511 652 tu
524 594 632 662 autem,
649 585 788 658 Scintilla,
804 585 865 646 noli
881 585 1013 666 zelotypa
1025 605 1099 648 esse.
1131 589 1217 650 crede
1228 588 1306 662 mihi,
1319 597 1345 651 et
1356 607 1402 650 ros
1415 600 1433 650 11

307 690 452 752 norimus.
489 687 532 750 sio
558 704 606 748 me
631 686 742 748 salvum
761 683 906 758 habeatis,
932 691 965 746 ut
984 701 1038 762 ego
1059 683 1102 746 sio
1122 685 1253 747 solebam
1272 686 1401 766 ipsumam
1498 753 1500 790 4

308 807 404 852 meam
419 786 583 859 debatuere,
597 790 631 848 ut
645 783 731 846 etiam
747 783 886 846 dominus
902 781 1117 862 suspicaretur;
1134 791 1162 844 et
1177 783 1243 845 ideo
1259 805 1306 848 me
1318 787 1345 848 in
1357 787 1402 846 ril·
1499 795 1500 810 ¹

306 888 474 950 licationem
492 883 638 963 relegavit
668 883 720 945 sed
740 889 803 944 tace
820 882 933 961 lingua,
953 880 1028 942 dabo
1044 873 1171 958 panem.³
1201 890 1336 963 tanquam
1348 885 1403 945 lau·
1498 839 1500 920 i

308 985 393 1048 datus
414 993 493 1046 esset
511 981 711 1062 nequissimus
733 998 849 1053 servus,
867 981 1018 1042 lucernam
1033 978 1069 1039 de
1085 979 1152 1040 sinu
1165 980 1282 1043 fictilem
1297 983 1427 1064 protulitt
1499 999 1500 1062 1

308 1093 336 1146 et
351 1084 476 1164 amplius
492 1081 637 1143 semihora
652 1079 797 1142 tubicines
810 1078 938 1140 imitatus
954 1085 997 1138 est
1009 1077 1176 1140 succinente
1188 1079 1320 1142 Habinna
1330 1082 1402 1142 etin·
1499 1067 1500 1096 ¹

306 1183 398 1246 ferius
412 1182 526 1246 labrum
542 1197 631 1240 manu
647 1176 836 1258 deprimente.
867 1174 970 1236 ultimo
987 1175 1074 1236 etiam
1088 1175 1118 1236 in
1130 1178 1262 1240 medium
1273 1179 1403 1260 prooessit

307 1289 336 1344 et
357 1283 447 1343 modo
468 1276 679 1342 harundinibus
700 1275 816 1356 quassis
832 1273 984 1336 choraulas
999 1274 1130 1338 imitatus
1145 1283 1205 1351 est,
1220 1279 1310 1340 modo
1324 1279 1402 1340 lacer·

307 1388 393 1444 natus
409 1397 476 1440 cum
491 1375 602 1454 flagello
618 1375 782 1438 mulionum
797 1373 854 1436 lata
871 1373 939 1452 egit,
956 1372 1050 1434 donec
1062 1382 1197 1436 vocatum
1212 1376 1249 1437 ad
1265 1397 1297 1438 se
1308 1377 1401 1438 llabiu-

308 1496 362 1540 nas
377 1477 506 1551 basiavit,
518 1475 729 1554 potionemque
739 1472 780 1533 illi
793 1472 924 1550 porrexit
936 1463 1065 1534 et‘tanto
1074 1466 1185 1535 melior’
1197 1475 1291 1556 inquit
1302 1467 1401 1548 ‘ldassa
1415 1481 1436 1532 tt

307 1575 387 1638 dono
402 1573 455 1637 tibi
471 1564 594 1652 caligas?

393 1691 447 1734 nec
460 1671 536 1734 ullus
551 1679 596 1733 tot
611 1691 658 1732 ma
670 1687 755 1732 orum
772 1667 975 1742 finis-luisset,
996 1671 1052 1732 nisi
1067 1671 1216 1751 epidipnis
1233 1682 1313 1735 esset
1326 1673 1401 1746 alata,
1499 1745 1500 1748 Ἴ

306 1771 384 1835 turdi
404 1771 532 1851 siligine,
553 1770 616 1833 uvis
637 1767 734 1848 passis
754 1766 935 1846 nucibusque
950 1767 1030 1830 larsi.
1061 1769 1192 1832 insecuta
1206 1779 1277 1833 sunt
1293 1771 1402 1852 Cydonia
1499 1777 1500 1826 t

307 1872 394 1934 etiam
415 1871 489 1934 mala
510 1869 602 1950 spinis
623 1868 749 1940 confixa,
770 1873 803 1926 ut
822 1864 943 1927 echinos
964 1867 1120 1930 efficerent.
1155 1871 1277 1932 ethaeo
1299 1871 1400 1951 quidem

306 1967 465 2031 tolerabilia
479 1976 574 2043 erant,
595 1967 620 2029 si
641 1984 702 2027 non
722 1964 875 2026 fericulum
890 1965 976 2044 longe
990 1969 1191 2031 monstrosius
1208 1969 1359 2042 effecisset,
1375 1974 1400 2029 ut
1415 1977 1436 2025 tt

305 2069 350 2130 vel
364 2068 442 2129 lamo
457 2067 553 2146 perire
568 2065 733 2127 mallemus.
763 2081 832 2123 nam
849 2080 915 2124 cum
931 2065 1046 2145 positus
1062 2075 1157 2142 esset,
1172 2075 1206 2129 ut
1219 2085 1276 2128 nos
1293 2067 1401 2148 putaba-

307 2183 384 2236 mus,
400 2182 487 2226 anser
502 2162 588 2224 altilis
604 2162 737 2243 circaque
752 2161 849 2242 pisces
865 2169 894 2222 et
908 2162 1042 2225 omnium
1058 2183 1164 2245 genera
1178 2167 1292 2238 avium,
1309 2166 1398 2228 ...in-

306 2263 369 2343 quit
384 2260 561 2323 Trimalchio
578 2250 734 2341 ‘quioquid
754 2258 857 2320 ridetis
877 2259 926 2321 hic
940 2262 1084 2340 positum,
1104 2263 1139 2323 de
1153 2282 1213 2326 uno
1230 2285 1352 2345 corpore
1365 2272 1401 2325 est

305 2350 434 2422 factum.²
469 2378 539 2438 ego,
560 2357 670 2420 scilicet
688 2359 779 2421 homo
800 2357 1064 2436 prudentissimus,
1085 2362 1183 2423 statim
1203 2362 1327 2426 intellexi
1344 2362 1401 2443 quid

306 2467 397 2533 esset,
417 2466 446 2520 et
463 2456 622 2539 respiciens
642 2456 890 2534 Agamemnonem
908 2449 1065 2520 ‘mirabor'
1084 2460 1204 2540 inquam
1221 2453 1297 2525 ‘nisi
1315 2463 1400 2524 omnia
1413 2468 1437 2518 tt

306 2560 362 2623 ista
373 2559 409 2622 de
422 2606 429 2621 .
440 2605 447 2620 .
459 2604 465 2620 .
477 2558 552 2621 faeta
565 2564 635 2618 sunt
646 2561 696 2617 aut
707 2562 785 2616 certe
796 2555 833 2617 de
844 2555 915 2617 luto.
937 2556 995 2617 vidi
1004 2556 1114 2620 Romae
1122 2558 1323 2623 Saturnalibus
1333 2562 1401 2624 eius-

379 2770 392 2814 1
412 2781 457 2830 per
476 2774 557 2815 exstat
575 2763 721 2831 Schefferus
740 2773 765 2815 et
781 2764 915 2818 Heinsius.
952 2775 1066 2831 parentat
1084 2767 1126 2819 hic
1144 2786 1196 2819 non
1214 2773 1288 2820 offert
1300 2768 1342 2819 sed
1353 2769 1400 2818 hni-
1498 2717 1499 2770 i

305 2843 346 2885 tur
364 2845 421 2900 post
439 2843 545 2886 mortem
563 2837 652 2887 ualere
670 2837 777 2888 uidetur
885 2838 1003 2902 Scyntilla
1021 2839 1055 2887 H
1157 2829 1315 2905 zelottpelH

306 2909 321 2954 2
341 2908 423 2969 ipsum
442 2922 566 2957 emmesm
584 2907 621 2961 H.
658 2907 689 2958 cie
708 2910 807 2972 ipsuma
826 2907 931 2958 dmninc
950 2908 1007 2960 dini
1025 2909 1062 2959 ad
1075 2927 1105 2976 p.
1121 2915 1162 2973 74,
1182 2915 1215 2961 20
1335 2912 1399 2961 tide·

305 2978 349 3025 bat
361 2984 429 3026 tuere
443 2976 477 3025 H
562 2977 970 3044 elingueSchqferusssinguam
983 2981 1019 3034 H.
1047 2983 1195 3046 linguaiem
1208 2983 1331 3034 Heinsius

305 3062 413 3111 poenam
437 3046 549 3097 Wehiius
563 3064 593 3113 p.
607 3052 641 3100 37
752 3055 765 3100 6
786 3053 905 3100 simihors
923 3051 957 3102 H
1059 3057 1073 3101 7
1094 3053 1218 3117 etiamH,
1237 3071 1291 3104 non
1308 3063 1331 3104 et

306 3121 321 3167 9
341 3120 477 3168 mulionum
496 3117 530 3167 H
630 3123 711 3186 phitta
729 3122 784 3171 siue
802 3124 855 3171 ficta
877 3121 1010 3186 Trillenus,
1029 3125 1097 3174 facte
1116 3141 1185 3190 susp.
1199 3127 1327 3176 Antonius

307 3191 339 3239 10
358 3191 476 3240 bessiauit
494 3189 529 3239 H
635 3194 685 3242 uilli
704 3192 828 3242 Heinsius
938 3198 968 3243 11
990 3196 1089 3260 colliges
1107 3195 1144 3248 H.
1173 3197 1291 3262 fortusse
1308 3197 1400 3247 Gallicos

305 3276 372 3328 quae
390 3261 550 3312 iccesnotum
569 3262 706 3312 condecent
723 3263 756 3328 ef.
778 3261 906 3315 Cicereius
925 3265 1039 3332 Philipp.
1059 3266 1150 3330 1130,
1170 3272 1203 3319 ts
1313 3272 1343 3318 lt
1360 3274 1402 3314 tnr-

304 3335 341 3384 dis
360 3335 444 3400 iligine
463 3333 498 3388 H.
535 3335 600 3384 turdi
618 3335 723 3400 siliginei
742 3333 875 3398 Heinsius,
894 3339 970 3386 turdis
988 3339 1103 3402 siligineis
1122 3338 1255 3391 Beelsenus
1275 3333 1404 3390 (11111111

299 3423 329 3472 p.
345 3409 395 3457 199
487 3407 638 3470 micibusque
657 3406 691 3456 H
776 3407 906 3456 tarsicius
925 3409 981 3458 ferti
1001 3408 1138 3459 Heinsius:
1157 3412 1228 3460 farsis
1247 3411 1282 3461 H
1287 3410 1402 3475 probante

303 3478 419 3529 Beelsero
545 3480 650 3530 sidones
668 3478 704 3528 H.
734 3478 851 3543 sortasse
870 3480 944 3528 etiem
963 3481 1068 3546 cydonia
1087 3482 1308 3547 transponendum

306 3569 339 3615 14
358 3550 460 3617 ichinos
478 3575 501 3617 et
512 3568 541 3618 in
558 3549 710 3634 marqtuei'
733 3566 765 3616 H
862 3568 1008 3632 effingerent
1026 3568 1152 3620 Heinsius
1256 3573 1287 3620 15
1308 3568 1403 3621 edebant

304 3639 483 3686 monstruosius
563 3637 732 3702 ,eiecissetH
818 3641 850 3687 16
870 3641 990 3688 molemus
1003 3640 1037 3689 H
1123 3645 1154 3690 17
1169 3641 1344 3706 circhequeH

300 3707 389 3771 potins
402 3709 514 3756 omnium
531 3724 651 3771 generum
672 3725 740 3760 aues.
777 3709 941 3760 conturbasse
965 3709 1007 3761 hie
1024 3711 1161 3763 librarium
1178 3711 1239 3762 inde
1252 3722 1328 3779 potet
1343 3707 1402 3778 quod

305 3777 397 3842 auium,
416 3779 495 3840 inquit
512 3780 652 3830 trimalchio
665 3781 780 3846 quicquid
793 3782 904 3846 sempsit.
931 3781 1091 3834 intercidisse
1104 3785 1177 3834 amici
1190 3783 1298 3836 aliudue
1310 3782 1401 3836 cresim

303 3847 387 3899 malui
404 3864 483 3913 quum
500 3849 580 3912 inquit
593 3859 655 3915 poet
672 3852 787 3915 quicquid
807 3853 949 3918 transferre
1043 3859 1076 3905 20
1095 3870 1278 3921 egomenonem
1296 3857 1330 3906 H

305 3956 337 4002 21
358 3955 457 4004 delecte
475 3961 500 4003 et
520 3953 550 4004 in
572 3957 688 4022 muryine
708 3924 733 3972 Μ
752 3959 869 4008 defuncte
887 3959 922 4012 H.
960 3958 1110 4011 addendum
1132 3962 1190 4011 fimo
1208 3961 1252 4012 uel
1269 3977 1355 4013 caeno:
1375 3959 1400 4006 ds

304 4039 363 4075 cers
380 4027 437 4074 fiete
449 4023 582 4090 Heinsius,
602 4029 633 4077 de
652 4029 732 4078 farina
750 4028 807 4083 Iac.
822 4029 968 4082 Grmeouius
985 4040 1012 4081 et
1022 4031 1143 4095 Iahnius,
1162 4034 1192 4082 de
1212 4034 1278 4083 laeto
1291 4049 1334 4100 epo
1351 4030 1401 4081 olim

304 4094 368 4161 quia
386 4096 468 4146 lacere
486 4097 659 4149 uerecundius
677 4098 810 4151 dicebatis
828 4119 885 4151 cunt
903 4103 963 4153 aliie
980 4111 1092 4154 naturae
1109 4103 1300 4156 necessitutibus
1311 4114 1401 4171 porus

305 4176 358 4218 tum
376 4183 471 4217 cacam
488 4166 559 4232 (cap.
572 4171 607 4220 62
625 4171 657 4220 ed
676 4173 748 4222 stelas
768 4172 861 4238 facere)
879 4174 949 4224 unde
968 4175 1044 4225 etiam
1062 4175 1129 4226 illud
1143 4167 1200 4227 ‘iste
1221 4177 1306 4228 mulus
1323 4190 1359 4226 nte
1370 4169 1401 4224 od

296 4239 401 4304 saonem
420 4233 501 4290 dabit’
522 4239 552 4290 id
570 4249 607 4292 eet
620 4232 669 4292 ‘ad
686 4241 779 4294 incitas
797 4239 907 4310 rediqet’
928 4244 1067 4300 dementum
1083 4246 1189 4300 uidetis
