3008 4962
314 427 351 488 10
786 425 941 478 sorbonn

310 579 379 640 dum
391 597 460 658 ergo
474 577 592 640 iuvenes
604 579 766 642 sententias
776 579 873 642 rident
884 581 1075 662 ordinemque
1086 583 1177 644 totius
1190 583 1330 648 dictionis
1343 587 1413 649 infa-
1422 598 1452 649 lo

309 683 402 750 mant,
418 684 584 756 opportune
598 676 724 740 subduxi
739 696 787 739 me
797 685 826 740 et
837 679 1092 759 cursimdsoylton
1102 684 1235 761 persequi
1249 687 1345 764 coepi.
1370 687 1417 746 sed

309 792 364 835 nec
371 773 445 835 viam
457 773 605 855 diligenter
615 777 749 838 tenebam
757 777 824 856 quia
833 821 921 839 .....
930 778 1071 856 necquod
1084 778 1227 841 stabulum
1240 788 1331 854 esset,
1345 783 1416 842 soie-

309 873 386 934 bam.
408 874 506 954 itaque
517 893 690 954 quocunque
700 875 799 950 ieram,
811 876 914 937 eodem
927 876 1100 946 revertebar,
1113 877 1207 938 donec
1217 880 1417 941 etcursulsti-

309 978 393 1051 gatus
405 980 433 1034 et
445 974 553 1035 sudore
568 973 624 1035 iam
637 974 758 1036 madeus
770 974 876 1035 accedo
890 973 1033 1036 aniculam
1045 975 1201 1053 quandam,
1217 993 1290 1054 quse
1303 986 1414 1056 agreste
1430 991 1440 1038 5

274 1072 293 1132 7
308 1057 395 1132 holus
410 1070 559 1144 vendebat,
574 1062 705 1149 et‘rogo'
721 1061 961 1152 inquom‘mater,
977 1072 1120 1151 numquid
1137 1074 1195 1136 scis
1206 1073 1254 1135 nbi
1266 1093 1322 1152 ego
1336 1075 1416 1135 habi-

309 1159 403 1230 tem?
441 1167 581 1230 delectata
605 1176 651 1230 est
669 1169 715 1231 illa
735 1169 898 1232 urbanitate
917 1178 976 1232 tam
998 1170 1086 1232 stulta
1106 1179 1135 1232 et
1150 1164 1264 1252 ‘quidni
1291 1164 1415 1234 soiaml'

310 1266 414 1346 inquit,
432 1267 671 1346 consurrexitque
691 1276 720 1329 et
735 1268 831 1347 coepit
845 1287 893 1329 me
908 1269 1089 1349 praecedere.
1119 1270 1246 1330 belnam
1261 1287 1316 1348 ego
1334 1277 1416 1349 puta-

309 1364 377 1426 bam
392 1372 421 1426 et
436 1409 527 1427 .....
543 1365 667 1427 subinde
689 1373 721 1426 ut
741 1367 884 1428 inlocum
901 1369 1088 1430 secretiorem
1104 1369 1246 1442 venimus,
1263 1377 1416 1429 centonem

309 1479 383 1524 anns
400 1461 509 1524 urbane
524 1464 621 1525 reiecit
634 1472 663 1526 et
674 1455 749 1525 ‘hic'
766 1464 861 1542 iuquit
872 1455 974 1526 tdebes
989 1459 1141 1527 habitare’.
1172 1486 1239 1529 cum
1255 1485 1311 1545 ego
1328 1485 1413 1545 nega·
1430 1479 1450 1528 lt

309 1577 374 1620 rem
394 1577 442 1620 me
459 1579 621 1640 agnoscere
641 1564 777 1636 domum,
798 1562 880 1622 video
902 1563 1046 1640 quosdam
1061 1563 1137 1624 inter
1151 1563 1252 1627 titulos
1268 1566 1417 1644 nudasque

310 1658 478 1721 meretrices
492 1661 595 1722 furtim
611 1661 836 1740 conspatiantes.
863 1661 953 1735 tarde,
968 1661 1060 1722 immo
1076 1663 1134 1722 iam
1151 1681 1218 1724 sero
1230 1662 1361 1724 intellexi
1376 1681 1417 1722 me
1491 1687 1492 1708 1

309 1757 339 1818 in
354 1757 496 1821 fornicem
512 1778 578 1820 esse
590 1759 756 1822 deductum.
787 1766 936 1820 execratus
951 1759 1048 1838 itaque
1062 1759 1192 1822 aniculae
1207 1760 1332 1823 insidias
1349 1781 1416 1841 ope
1491 1829 1492 1836 ,

310 1858 357 1919 rui
380 1865 467 1940 eaput
486 1864 515 1919 et
534 1875 588 1937 per
607 1859 735 1919 medium
756 1857 878 1937 lupanar
896 1857 997 1936 lugere
1014 1857 1098 1936 coepi
1113 1857 1143 1918 in
1159 1858 1277 1920 alteram
1292 1869 1416 1939 partem,

311 1974 377 2017 cum
393 1975 459 2018 ecce
472 1957 502 2018 in
516 1957 582 2036 ipso
598 1956 678 2018 aditu
692 1957 820 2018 occurrit
831 1956 903 2017 milri
915 1973 1006 2034 aeque
1016 1953 1112 2017 lassus
1125 1975 1159 2017 ac
1170 1957 1299 2018 morlens
1314 1957 1412 2038 Ascyl-
1428 1971 1450 2020 15

539 2094 608 2101 -η

383 2166 396 2212 1
416 2164 509 2213 ieiunas
522 2163 565 2213 uei
575 2164 660 2214 inanes
671 2163 803 2229 Heinsius,
816 2165 911 2214 iuuenis
921 2163 1049 2215 Bortbius
1133 2165 1222 2229 potius
1232 2167 1414 2216 declamationis

1081 2245 1090 2271 l

311 2291 326 2338 2
345 2295 467 2351 oportune
480 2284 583 2337 ABFP
599 2295 622 2338 et
634 2289 721 2353 plinio
735 2288 758 2339 G
866 2305 965 2340 cursum
979 2287 1007 2352 O,
1020 2304 1120 2338 cursum
1133 2289 1170 2353 D,
1184 2305 1284 2356 cursum
1294 2290 1324 2340 E

310 2359 411 2409 ascilton
424 2357 458 2423 F,
477 2361 605 2425 Ascyltum
618 2361 660 2423 Le,
680 2362 832 2427 Ascyltams
941 2364 955 2409 3
975 2362 1032 2424 quin
1050 2359 1110 2410 libri
1128 2376 1220 2424 omnes,
1240 2362 1330 2426 itaque
1349 2363 1413 2412 locu·

309 2447 371 2481 uum
388 2430 546 2497 significetui:
565 2447 612 2485 om.
626 2430 797 2482 Goidusticno
905 2434 970 2495 quod
986 2432 1091 2495 scripsi:
1109 2447 1157 2495 quo
1176 2432 1243 2486 iibri.
1263 2449 1311 2496 quo
1332 2436 1387 2483 loco
1395 2448 1413 2496 p

309 2503 346 2553 sic
358 2502 426 2553 utin
439 2519 495 2568 cap.
505 2505 530 2566 8,
550 2518 599 2567 qus
610 2501 749 2568 Scioppius
767 2513 791 2554 et
802 2503 933 2566 Heinsius,
947 2505 988 2552 ubi
999 2502 1174 2553 Brassiconus
1268 2508 1284 2554 4
1303 2519 1413 2568 quosque

309 2575 342 2637 A,
362 2590 507 2640 quecunque
527 2572 554 2638 0,
572 2590 733 2638 quaecunque
746 2576 774 2624 D
900 2576 980 2624 donee
998 2576 1023 2624 in
1042 2591 1114 2626 cursu
1132 2575 1192 2639 Ppt.
1213 2565 1259 2624 ‘ad
1279 2591 1311 2625 ex
1332 2567 1410 2626 oursu'

309 2646 430 2698 Pitboeun
538 2649 670 2710 bagreste
689 2663 735 2702 oin,
750 2647 783 2699 Α.
811 2654 910 2710 agresta
927 2645 953 2695 P
1059 2647 1165 2695 tholus
1178 2645 1267 2696 BEP:
1287 2648 1342 2696 olus
1361 2645 1413 2696 reli·

309 2718 355 2783 qui
479 2719 592 2767 uendeba
611 2715 634 2768 0
774 2719 808 2781 ct]
829 2727 852 2767 te
873 2716 916 2781 Ls,
933 2708 1021 2770 ‘Leici
1040 2715 1094 2767 coci.
1113 2724 1138 2766 et
1155 2717 1269 2781 quinque
1287 2711 1346 2768 alii’
1369 2718 1414 2767 Bo·

309 2788 394 2839 scbius
510 2789 580 2852 rogo]
600 2803 646 2852 ego
665 2788 689 2836 A
797 2789 906 2851 nunquid
925 2787 1000 2837 Aac
1108 2789 1193 2838 habito
1212 2789 1245 2850 E,
1265 2796 1326 2838 onte
1347 2792 1414 2838 Som-

310 2858 401 2908 bucum
524 2863 536 2906 7
558 2860 740 2908 delectata—8
758 2862 906 2922 praecedere
925 2876 972 2911 om.
991 2859 1017 2910 P
1139 2868 1176 2908 est
1194 2859 1301 2909 addidi:
1328 2859 1414 2924 congir-

310 2929 393 2980 mouit
409 2927 476 2979 benc
495 2928 694 2979 emendationem
707 2938 798 2993 postea
817 2938 931 2994 repertus
950 2929 975 2980 Β
1096 2930 1111 2978 8
1130 2931 1239 2980 diuinam
1257 2930 1351 2994 BPpt,
1372 2927 1414 2978 'di-

310 3002 395 3052 uinam
412 3017 439 3053 u.
458 2992 485 3050 c.’
506 3017 596 3065 margo
614 3001 652 3049 L:
670 3002 786 3051 duoinnm
805 2999 919 3065 AODG,
939 3003 1050 3064 donnum
1068 2999 1271 3066 Laurentianus,
1290 3004 1414 3052 doctinam

310 3071 343 3135 F,
364 3074 493 3121 ducturum
512 3070 559 3134 Le,
578 3072 716 3121 ductorium
734 3071 763 3120 Ε
880 3076 894 3122 9
914 3073 1002 3136 atEp.
1040 3079 1064 3122 et
1082 3074 1231 3136 subsequor:
1249 3074 1307 3122 inde
1322 3072 1414 3123 Guliel-

310 3160 381 3206 mus,
400 3144 514 3207 subsequi
533 3144 603 3207 coepi
622 3142 739 3193 Petronii
755 3143 843 3209 fuisse
862 3143 937 3194 credo
960 3143 1023 3194 cord.
1043 3156 1100 3207 cop.
1121 3146 1162 3193 72.
1187 3143 1247 3194 libri
1263 3144 1377 3209 iungunt
1393 3151 1414 3192 et

310 3215 412 3264 subinde
519 3215 560 3262 ubi
579 3213 605 3264 P
705 3217 863 3266 secretiorem
881 3214 939 3279 Bp:
958 3221 1079 3264 secretum
1098 3215 1174 3264 ceteri
1283 3217 1315 3264 10
1336 3216 1415 3266 relerit

310 3285 344 3351 F,
362 3286 445 3336 iniecit
463 3285 519 3350 Lst,
535 3276 604 3336 ‘ante
624 3285 712 3338 urbsb.
730 3287 813 3336 reiecit
832 3304 858 3339 u.
878 3280 905 3336 c.‘
926 3302 1015 3352 mergo
1033 3287 1058 3335 L
1176 3287 1216 3336 his
1235 3284 1259 3336 G
1381 3288 1415 3334 lo-

310 3360 368 3423 quid
386 3358 412 3409 P
517 3373 576 3421 ergo
595 3356 620 3407 Β
731 3361 761 3405 11
782 3373 916 3422 agnoscere
935 3357 1028 3422 scripsi
1045 3355 1123 3421 idque
1136 3365 1229 3421 postea
1246 3357 1275 3407 iu
1291 3356 1317 3406 Β
1330 3373 1414 3422 reper-

310 3439 363 3481 tum
381 3437 429 3481 est:
454 3445 605 3495 cognoscere
623 3427 684 3480 iibri
790 3431 854 3480 inter
877 3431 963 3479 ticulos
981 3427 1070 3491 FGP,
1097 3429 1161 3478 inter
1179 3429 1272 3478 cuculos
1291 3437 1321 3491 st,
1342 3431 1414 3478 inter·

309 3504 413 3554 naeuos
437 3501 507 3567 quod
529 3501 629 3552 nullum
651 3500 784 3566 enemploi·
805 3499 898 3552 babere
917 3500 1037 3550 Pithoeus
1056 3498 1137 3549 tradit
1154 3499 1187 3563 L,
1202 3491 1372 3550 ‘intesticulos
1391 3516 1413 3547 u.

311 3566 339 3624 c.’
360 3591 449 3639 margo
468 3575 502 3634 L,·
521 3574 557 3624 sic
575 3573 718 3626 Bituricus.
734 3567 771 3624 'u
791 3589 811 3622 c.
831 3571 882 3623 Pit.
901 3574 997 3636 titulos,
1017 3572 1119 3634 uitulos,
1140 3564 1269 3634 puellulos'
1291 3587 1380 3637 margo
1400 3577 1414 3619 l.

310 3646 373 3694 iuter
397 3646 546 3710 hystriculos
564 3645 702 3710 Heinsius,
726 3646 792 3695 intus
816 3646 899 3693 titulos
918 3641 1064 3705 Herbidus,
1092 3643 1164 3691 uideo
1187 3657 1278 3706 pueros
1296 3644 1415 3706 quosdam
1441 3677 1445 3684 .

311 3716 479 3764 meretriculos
498 3713 644 3766 Iocobsius:
667 3719 749 3766 titulos
769 3722 877 3780 praeter
895 3722 989 3764 ceteros
1007 3713 1032 3762 B
1140 3713 1228 3776 nudas]
1249 3714 1310 3763 udas
1328 3728 1414 3777 neargo

312 3793 329 3848 t,
347 3786 453 3834 inundes
471 3785 497 3836 P
623 3791 653 3836 12
673 3788 757 3836 furtim
776 3787 914 3850 spaciantes
933 3786 989 3850 Bp,
1008 3785 1211 3847 interspnciantes
1230 3784 1261 3848 P,
1278 3775 1413 3848 ‘interspe-

312 3858 400 3906 tiantss
419 3872 444 3906 u.
465 3849 491 3906 c.'
512 3872 601 3922 margo
620 3858 652 3907 L.
690 3859 820 3908 confertim
839 3854 1120 3920 spatiantes‘Heroioius
1224 3847 1263 3905 ‘in
1281 3871 1306 3907 u.
1321 3872 1342 3909 c.
1362 3861 1416 3906 erut

312 3920 424 3976 tandem’
445 3927 539 3978 Doueo
646 3944 703 3994 ymo
721 3931 753 3992 A,
772 3931 822 3978 imo
841 3928 918 3982 PLP
1009 3928 1073 3977 serio
1094 3933 1102 3975 t
1191 3941 1246 3976 sero
1264 3929 1330 3976 sensi
1348 3927 1414 3976 intel-

310 3996 397 4048 lexiL
507 4001 538 4048 13
558 4000 651 4049 fornice
665 3997 740 4049 OEF
746 3999 950 4064 Laurentianus,
969 4000 1088 4062 fornicem
1105 3997 1138 4061 B,
1164 3997 1234 4062 quod
1251 4005 1320 4046 stone
1333 4002 1416 4062 potest

312 4067 391 4120 deleto
410 4070 543 4120 deductum
562 4070 594 4137 cf.
606 4087 635 4134 p.
650 4073 721 4130 11‚1
829 4080 958 4121 execratus
982 4071 1021 4130 E;
1041 4076 1177 4132 execratus,
1204 4085 1256 4118 non
1275 4075 1413 4118 exsecratus

296 4138 488 4208 ,ABOFGLP
556 4140 740 4193 anibaleculeO
829 4145 862 4192 14
880 4142 996 4206 capudP
1077 4142 1149 4206 coepi
1167 4141 1254 4204 lugere
1274 4139 1415 4205 transponit

311 4247 337 4300 L
444 4247 547 4298 alterum
565 4246 627 4299 BP:
646 4248 720 4298 ubam
738 4247 832 4312 reliqui
924 4247 954 4295 15
975 4259 1033 4295 ecco
1053 4246 1193 4310 etiamipso
1206 4245 1291 4296 auditu
1304 4245 1330 4296 P
