3128 4966
326 447 449 494 mxliii

329 590 422 648 animi
435 587 573 647 sententio
587 583 725 647 iadniom
740 593 806 646 onte
822 601 928 655 omnes,
945 594 1006 646 tnm
1021 592 1128 645 eeteros
1142 585 1223 644 viros
1237 581 1339 663 paidos
1355 581 1432 642 eodi-

329 714 395 756 onm
409 694 619 774 editionumque
633 697 764 755 notitiam
780 693 921 763 doleamne,
938 703 970 755 ιιι
980 693 1047 755 illos
1057 711 1092 754 ne
1099 694 1245 772 pomiteat
1254 693 1431 769 nepotiornm

329 803 432 884 patim
447 803 519 864 midi
531 803 690 882 protipieoti
702 813 777 862 snnt.

405 973 573 1035 Sertoeoam
585 971 724 1052 Fribnrpi
734 944 955 1052 dire'oipavornm
966 990 1060 1033 menae
1072 969 1225 1032 Decembri
1232 965 1430 1029 noeoetxt.

414 1769 555 1842 Qnomois
582 1774 705 1834 noniano
729 1775 784 1834 aim
809 1783 840 1833 nt
865 1772 1016 1852 enemplor
1040 1788 1136 1832 menm
1158 1768 1244 1849 plene
1263 1767 1432 1848 perficerem

330 1899 480 1961 omneepne
495 1884 651 1943 emimerem
665 1883 797 1954 mendas,
813 1883 924 1961 saetam
940 1891 1035 1942 tamen
1050 1889 1090 1940 eet
1101 1881 1213 1959 partim
1227 1894 1291 1938 mea
1306 1874 1431 1955 typothe-

330 2000 428 2070 taepne
452 1990 585 2050 socordia
606 1993 717 2069 partim
741 1989 844 2051 etndiie
863 1988 992 2049 aliornm
1010 1997 1043 2048 nt
1062 1987 1235 2064 corripenda
1256 1995 1282 2045 et
1303 1983 1431 2046 addendo

331 2098 453 2160 trabeam
468 2116 528 2158 non
538 2115 645 2178 panea.

411 2225 442 2286 p.
460 2205 488 2280 8,
504 2205 522 2267 6
538 2209 569 2266 in
585 2207 769 2267 adnotatione
784 2204 843 2285 depe
858 2205 933 2267 diota
945 2223 1003 2285 pro
1019 2205 1104 2285 pieta.

411 2333 442 2394 p.
459 2313 488 2385 9,
505 2314 523 2374 5
539 2317 571 2374 in
584 2314 768 2375 adnotatione
783 2313 841 2392 depe
857 2313 974 2374 distinta
987 2331 1045 2394 pro
1061 2312 1206 2373 distincta.

411 2441 442 2502 p.
463 2423 509 2496 lo,
526 2422 564 2482 to
579 2421 796 2500 conspatiantes
810 2421 893 2482 nollo
909 2421 1039 2502 eaemplo
1051 2420 1210 2501 probatem
1225 2429 1306 2480 mato
1320 2421 1352 2478 in
1364 2436 1430 2498 spa-

328 2530 442 2592 tientes.

357 2699 358 2702 ,
411 2658 442 2720 p.
463 2640 508 2712 14,
526 2641 563 2700 15
584 2647 701 2700 suturae
720 2657 780 2701 non
791 2649 863 2719 poto
883 2649 958 2699 reete
976 2639 1172 2710 emendatnm3
1193 2655 1266 2716 opne
1280 2639 1356 2696 enim
1370 2624 1431 2706 erat

329 2758 481 2827 praeterea
496 2747 586 2808 scribi
599 2748 693 2808 adhuc
708 2755 826 2808 suturae
840 2725 957 2826 auidem
973 2764 1035 2807 non
1051 2746 1185 2808 attulerat
1195 2745 1323 2805 rusticus
1336 2743 1430 2804 curio-

331 2874 378 2916 sas
397 2873 502 2916 manus
523 2854 588 2927 sed3
608 2857 702 2934 itopne
722 2873 828 2934 repone
845 2858 987 2934 primarii
1006 2854 1076 2916 libri
1090 2854 1235 2916 leetimeem
1249 2852 1325 2914 dane
1340 2852 1431 2913 adhue
1512 2829 1517 2834 ⁵

236 2953 240 2958 ’
330 2981 368 3024 ne
383 2963 487 3024 furtive
502 2963 617 3042 quidem
636 2998 676 3006 -
691 2963 752 3034 sed,
768 2964 856 3024 donee
872 2973 950 3026 certa
964 2966 1081 3024 invento
1096 2963 1254 3024 eneendatio
1270 2966 1333 3023 erit.

411 3091 442 3152 p.
462 3070 508 3144 18,
524 3071 623 3150 2poat
642 3078 671 3131 et
690 3069 758 3131 tolle
776 3089 896 3132 comma.
923 3071 962 3132 ita
979 3089 1026 3132 me
1042 3074 1160 3132 eonieeit
1176 3069 1240 3132 Otto
1255 3058 1429 3132 attentent.

411 3199 442 3261 p.
459 3180 510 3252 25,
526 3179 546 3241 9
562 3178 745 3258 profluebant
760 3181 889 3240 eorreooit
901 3165 1093 3240 Ribbeaia'nss

413 3308 442 3368 p.
459 3287 509 3356 30,
529 3288 566 3347 17
583 3286 707 3365 deinque
727 3296 778 3346 ont
792 3285 916 3364 denique
930 3289 962 3346 in
976 3285 1005 3346 tt
1018 3285 1083 3366 lepit
1098 3285 1162 3349 Otto
1177 3287 1311 3350 Kellenoi
1327 3287 1429 3349 Tadin-

328 3401 422 3478 pmsio
440 3400 491 3477 pai
508 3414 603 3477 nnper
617 3399 678 3457 eino
692 3396 798 3457 eodieis
813 3393 994 3456 collationem
1010 3415 1029 3456 a
1044 3397 1197 3475 sesaetam
1212 3396 1325 3477 aliapne
1340 3397 1430 3458 mosi-

330 3508 379 3568 dio
398 3525 453 3568 ena
467 3524 579 3568 meenm
594 3505 722 3585 osfieion
738 3507 968 3565 communicavit.
999 3513 1081 3584 otpne
1096 3503 1145 3564 itte
1160 3523 1232 3584 paee
1247 3506 1431 3567 animadver-

329 3618 361 3675 tit
376 3633 435 3675 non
449 3618 514 3675 oiea
529 3633 547 3674 a
563 3617 661 3675 ceteris
676 3623 731 3685 ont
742 3612 780 3675 ad
795 3613 1006 3692 componendos
1020 3623 1181 3674 eeterornm
1194 3613 1433 3675 aonnooersiolae

331 3733 509 3803 apportnna,
529 3739 633 3801 operae
644 3724 772 3801 pretinm
787 3730 851 3781 erat
865 3738 1028 3800 enaerpere.
1062 3720 1224 3782 contulerat
1238 3731 1333 3783 antem
1346 3739 1432 3807 prae·

330 3840 374 3891 ter
388 3829 443 3894 ΑΗ
456 3833 542 3891 etiam
561 3829 686 3909 relipnoe
708 3830 764 3890 dno
786 3829 895 3890 codices
908 3826 1072 3898 Pam'einoe,
1088 3826 1159 3890 Pde
1175 3847 1229 3908 pne
1245 3834 1360 3910 eoepins
1375 3831 1432 3892 dio-

330 3941 446 4000 sentito
461 3936 626 3998 Froeimero
642 3935 706 3997 ott
722 3939 803 3996 enine
814 3954 863 4015 epo
872 3935 1052 4016 partiendam
1063 3955 1155 4016 snpra
1166 3937 1293 4000 eadibni.
1316 3937 1359 3998 his
1375 3937 1433 3999 eol-

331 4046 486 4108 lationibne
504 4045 579 4106 ninid
598 4045 735 4118 attinebat
754 4044 807 4106 noe
827 4043 997 4124 opnsanlnm
1018 4044 1156 4117 dilatare,
1184 4057 1215 4108 nt
1235 4065 1307 4127 pnoe
1328 4065 1434 4126 pornm

331 4157 521 4236 adponerent
536 4152 639 4228 incedi,
653 4157 739 4215 etiam
753 4151 818 4213 eidi
834 4149 990 4214 eono‘milio
1004 4151 1145 4212 Bernmsi
1158 4164 1184 4215 et
1198 4157 1298 4214 eeten'o
1312 4155 1435 4216 eimdem

331 4265 443 4326 ordinis
465 4262 611 4324 eodieibno
622 4261 767 4342 plen‘opne
777 4263 977 4341 praestantior
992 4261 1133 4340 praedam
1148 4260 1233 4322 nabet
1246 4265 1305 4322 siae
1318 4262 1435 4322 mendas
