3008 4962
1486 328 1488 374 l

323 437 364 500 34
796 433 953 486 rurnouu
1487 415 1489 492 l

156 515 213 683 s,
266 594 306 656 a

408 589 438 652 iu
459 589 506 650 bis
521 606 636 651 eramus
656 587 788 661 lautitiis,
810 605 876 650 cum
896 589 961 668 ipse
975 587 1151 650 Trimalchio
1167 588 1201 649 ad
1219 590 1445 670 symphoniantt
1490 582 1491 612 l

321 688 424 750 allatus
439 695 485 748 est
499 687 673 768 pastusque
688 689 763 750 inter
778 685 926 748 cervicalia
942 686 1138 749 minutissima
1154 688 1304 767 expressit
1317 689 1413 766 impru-

320 786 457 848 dentibus
478 785 580 847 risum.
615 787 701 866 pabio
728 785 808 847 euim
835 783 971 845 coccineo
998 785 1134 846 adrasum
1160 786 1321 847 incluserat
1344 793 1415 864 caput

321 887 455 966 circaque
471 891 604 946 oneratas
616 891 695 944 veste
711 881 835 942 cervices
851 880 1020 942 laticlaviam
1036 884 1187 944 inmiserat
1201 902 1343 964 mappam
1361 881 1415 941 tim-
1493 888 1494 935 i

320 985 391 1050 briis
407 985 475 1046 binc
489 990 574 1062 atque
590 981 666 1043 illinc
681 981 885 1060 pendentibus.
915 979 1038 1042 babebat
1052 981 1139 1042 etiam
1155 982 1184 1042 in
1199 983 1327 1043 minimo
1340 982 1438 1058 digitos

321 1085 456 1146 sinistrae
476 1097 580 1142 manus
601 1080 719 1142 anulum
742 1079 880 1158 grandem
900 1075 1104 1152 subauratum,
1127 1087 1260 1141 extremo
1278 1099 1346 1140 vero
1360 1080 1416 1140 arti-

321 1182 385 1244 culo
408 1179 488 1260 digiti
511 1177 658 1256 sequentis
679 1176 840 1249 minorem,
864 1182 896 1236 ut
910 1174 982 1236 mihi
1003 1176 1166 1253 videbatur,
1185 1185 1286 1240 totum
1302 1196 1416 1248 aureum,

320 1280 371 1341 sed
397 1279 483 1358 plane
508 1276 609 1336 ferreis
632 1275 719 1335 veluti
746 1273 836 1335 stellis
858 1273 1092 1337 iemumiuatum.
1131 1285 1159 1338 et
1180 1295 1218 1338 ne
1241 1278 1297 1338 has
1320 1284 1417 1336 tautum

322 1377 489 1440 ostenderet
505 1373 633 1447 divitias,
656 1375 789 1435 dextrum
805 1372 924 1433 nudavit
937 1372 1074 1435 lacertum
1092 1377 1201 1437 armilla
1217 1396 1309 1438 aurea
1325 1377 1417 1438 cultum

265 1479 304 1540 33
320 1483 349 1535 ct
374 1473 480 1534 eboreo
502 1473 609 1534 circulo
631 1472 738 1534 lamina
758 1471 930 1550 splendente
950 1456 1124 1535 connexum.
1161 1482 1193 1536 ut
1212 1476 1324 1558 deinde
1342 1475 1416 1554 pinna
1430 1479 1449 1526 u

320 1579 456 1651 argentea
472 1571 573 1632 dentes
589 1569 726 1650 perfodit,
738 1561 851 1630 ‘amici'
866 1568 961 1647 inquit
972 1559 1116 1633 ‘nondum
1133 1573 1204 1634 mibi
1220 1592 1313 1634 suave
1327 1581 1383 1634 erat
1395 1573 1417 1632 iu
1481 1653 1485 1664 ὓ

319 1669 477 1738 triclinium
502 1669 616 1742 venire,
643 1668 695 1729 sed
721 1684 758 1727 ue
780 1665 887 1728 diutius
911 1667 1077 1730 absentivos
1099 1690 1199 1732 morae
1219 1671 1306 1732 vobis
1327 1689 1416 1731 essem.

320 1787 439 1831 ornnem
460 1768 636 1849 voluptatem
658 1765 730 1826 mihi
751 1767 861 1845 negavi.
898 1766 1072 1845 permittetis
1093 1778 1190 1830 tamen
1210 1769 1290 1832 finiri
1317 1759 1416 1830 lusum'

320 1868 495 1948 sequebatur
510 1885 582 1946 puer
598 1885 665 1926 curn
680 1865 777 1926 tabula
793 1864 987 1925 terebinthina
1001 1872 1030 1925 et
1042 1867 1213 1945 crystallinis
1227 1869 1359 1943 tesseris,
1373 1885 1417 1927 nc

318 1968 432 2046 tavlque
448 1985 509 2027 rem
527 1965 658 2025 omnium
675 1964 919 2025 delicatissimam.
950 1982 1004 2042 pro
1021 1964 1136 2026 calculis
1151 1967 1229 2028 euim
1246 1967 1321 2028 albis
1336 1986 1367 2029 ac
1379 1966 1415 2026 ui·
1429 1981 1448 2028 n

320 2067 380 2144 gris
393 2082 499 2126 aureos
512 2069 724 2142 argenteosque
736 2062 1013 2124 babebatdcuarios.
1030 2063 1145 2124 iuterim
1154 2064 1223 2126 dum
1237 2068 1285 2129 ille
1299 2067 1416 2128 omnium

318 2170 464 2224 textorum
491 2161 567 2223 dicta
592 2159 667 2220 inter
692 2158 792 2222 lusum
819 2162 980 2236 consumit,
1014 2163 1197 2243 gustantibus
1224 2167 1324 2229 adhuc
1345 2165 1416 2228 nohis

322 2279 620 2306 .........2....'-...-..

318 2347 421 2397 sitnon
439 2347 519 2411 liquet
626 2359 769 2416 argenteam
788 2355 909 2404 feruentia
926 2355 1032 2418 aeripui:
1055 2357 1176 2406 feruentia
1194 2369 1343 2423 argenteam
1360 2358 1415 2409 l'dri.

319 2419 387 2469 hunc
405 2418 520 2469 ordinent
539 2420 660 2472 feruentia
678 2439 751 2487 supra
770 2427 913 2476 craticulam
931 2434 1074 2492 argenteam
1094 2429 1174 2492 posite
1196 2428 1354 2497 Tornaesius
1365 2447 1416 2480 con-

318 2490 453 2542 meudauit
561 2494 592 2542 18
613 2503 637 2544 et
653 2510 702 2546 ona.
718 2494 773 2560 Lpt

392 2567 405 2613 1
425 2564 528 2613 leuticiis
547 2562 581 2612 H
698 2568 865 2632 simphoniam
884 2568 918 2617 H
1033 2573 1047 2618 2
1067 2571 1130 2618 iuter
1147 2570 1182 2620 H
1182 2591 1190 2618 .-
1209 2573 1233 2622 iu
1253 2572 1311 2638 Lpt

318 2637 482 2685 munitissima
499 2635 535 2685 H.
572 2638 733 2688 tumidissima
750 2655 820 2703 susp.
840 2639 973 2689 Iaeodsius
1046 2640 1048 2643 ’
1098 2644 1235 2692 dcccciuo
1254 2644 1312 2709 Lpt

318 2709 451 2758 incluserat
469 2706 534 2770 Lpt:
553 2710 691 2758 excluserat
709 2708 745 2772 H,
765 2712 873 2760 inclusus
893 2719 945 2760 erat
963 2710 1136 2761 Mamaeanas
1256 2719 1272 2764 4
1293 2719 1415 2778 circhuque

318 2777 352 2828 H
452 2779 602 2827 laticlauium
619 2781 756 2830 immiserat
773 2781 841 2845 Lpt:
860 2784 982 2832 laticlauia
999 2784 1025 2833 in
1045 2783 1078 2833 eis
1097 2791 1150 2832 erat
1168 2785 1202 2834 H
1320 2792 1334 2838 5
1353 2797 1415 2850 atque

318 2850 378 2897 hinc
396 2848 462 2897 illinc
481 2847 506 2896 L
610 2840 821 2913 ‘dependentibus
839 2854 932 2904 rectius
950 2848 1066 2903 diuisaet'
1088 2853 1213 2906 Heinsius
1343 2859 1415 2924 dfer-

318 2964 384 3006 tasse
401 2957 427 3004 in
446 2965 556 3006 extremo
674 2961 776 3009 8uelnt
793 2961 848 3026 Lpt
963 2967 977 3014 9
997 2966 1125 3015 dexterum
1145 2975 1155 3015 t
1277 2974 1309 3020 10
1329 2983 1415 3021 conexo

317 3025 479 3078 tendendum
496 3043 591 3092 censeo,
610 3032 711 3079 conexis
729 3030 840 3083 Webiiua
854 3051 883 3098 p.
896 3037 937 3088 12.
973 3038 1079 3085 laminae
1097 3040 1233 3101 splendenti
1251 3040 1415 3092 incertusoli·

318 3099 376 3164 quis
465 3107 489 3148 et
506 3107 623 3165 usurpet
710 3103 787 3166 pinna
800 3104 840 3153 H:
857 3108 929 3170 spina
947 3106 1024 3157 ceteri
1115 3112 1145 3158 11
1166 3113 1325 3163 nundumH

320 3174 351 3220 12
371 3170 502 3219 tricbnium
525 3174 613 3220 absens
637 3187 707 3221 more
732 3176 803 3223 uobis
829 3179 912 3226 uenire
937 3180 980 3227 sed
998 3194 1030 3228 ne
1049 3180 1138 3230 diutius
1156 3185 1253 3232 absenti
1272 3201 1318 3235 uos
1338 3199 1414 3235 essem,

318 3244 471 3307 uoluptatem
483 3241 517 3290 II
528 3242 557 3290 in
576 3259 625 3307 quo
644 3249 669 3291 et
685 3245 773 3292 absens
789 3245 873 3309 plasea
891 3249 975 3298 uerbis
993 3250 1125 3312 scriprtoris
1142 3252 1306 3306 inserebatur
1318 3264 1343 3306 et
1354 3269 1414 3306 more

317 3315 387 3365 uobis
411 3320 497 3379 utpote
521 3313 616 3364 addita
638 3312 668 3363 in
690 3315 807 3380 marpine
831 3334 881 3366 non
905 3336 951 3369 suc
975 3320 1026 3370 daco
1050 3322 1251 3374 colbcabantur:
1276 3325 1415 3378 emendarat

315 3385 447 3440 Heinsius.
475 3388 608 3436 triclinium
626 3388 710 3436 uenire
729 3389 771 3436 sed
790 3404 821 3437 ne
842 3390 931 3441 diutius
951 3393 1074 3442 absentius
1088 3410 1175 3458 essem,
1195 3412 1296 3448 omnem
1311 3403 1414 3463 uolupta-

315 3467 365 3510 tem
384 3458 409 3509 L
427 3476 483 3510 curn
500 3459 669 3522 Mernrniano,
688 3457 783 3524 ilenrp
802 3460 847 3524 qui
865 3463 1006 3512 absentiuus
1025 3463 1101 3514 babet
1118 3474 1143 3520 et
1161 3474 1171 3514 t
1189 3469 1235 3531 qui
1254 3472 1344 3521 diutius
1362 3468 1413 3520 uui-

315 3531 349 3581 sit
366 3537 403 3579 set
419 3531 532 3597 canapini
550 3534 640 3582 diutius
659 3534 747 3581 absens
762 3531 902 3596 inscripsit.
940 3550 1040 3584 omrrem
1057 3535 1120 3585 ntilrt'
1137 3547 1289 3604 susspectum,
1310 3545 1414 3605 uolupta-

315 3609 366 3649 tem
390 3617 490 3651 omnem
516 3603 674 3668 transposuit
695 3602 819 3653 Heinsius
947 3608 977 3654 13
996 3608 1140 3669 permittetis
1167 3617 1188 3658 t:
1211 3615 1350 3674 permittitis
1369 3611 1412 3674 tp,

315 3673 444 3732 permititis
454 3672 487 3720 H
571 3677 625 3722 iniri
640 3673 764 3739 Caperes,
777 3677 830 3725 fieri
841 3675 978 3726 Beinesius
1070 3680 1102 3726 14
1121 3683 1267 3732 terebintina
1280 3683 1333 3733 HL

316 3741 454 3789 cristallinis
472 3741 506 3790 II
610 3747 640 3792 15
661 3760 760 3795 omnem
781 3747 853 3797 ised
870 3747 899 3796 in
916 3747 1032 3813 marpine
1051 3751 1153 3799 omnine
1172 3759 1196 3800 et
1214 3757 1325 3804 oxnnium
1372 3771 1374 3780 ’

315 3810 392 3873 enirn]
409 3808 448 3858 ein
462 3811 496 3859 H
596 3815 657 3862 albis
676 3814 746 3864 deest
762 3817 837 3867 inH
939 3836 968 3869 ae
978 3819 1019 3868 H:
1039 3826 1082 3869 aut
1089 3829 1129 3885 pt,
1149 3822 1328 3876 dlernmianus.
1359 3825 1413 3874 albis

315 3881 415 3944 nigrisq.
434 3888 575 3932 correctum
592 3883 621 3932 in
633 3885 693 3933 albis
705 3895 748 3936 aut
760 3890 869 3952 nigrisL
961 3895 991 3940 16
1005 3886 1116 3942 bmnium
1134 3889 1180 3943 i'lle
1198 3894 1230 3947 L.
1258 3900 1341 3947 omnia
1359 3909 1413 3946 uere

310 3958 376 4014 puto
385 3951 508 4002 Heinsius
598 3957 629 4003 17
643 3961 768 4006 textorum
781 3961 847 4010 dicta
858 3964 922 4011 inter
933 3962 976 4012 H:
989 3971 1107 4014 sessorum
1121 3982 1138 4012 e
1155 3958 1219 4015 iuter
1228 3967 1260 4031 L,
1275 3969 1412 4018 *tectorum

314 4023 378 4071 iuter
382 4038 412 4086 p,
426 4031 543 4073 testarum
555 4025 618 4074 iuter
627 4032 643 4074 t.
664 4029 775 4077 omnium
788 4047 917 4082 numerum
929 4042 1087 4101 tesserarum,
1100 4037 1208 4086 officium
1222 4047 1346 4089 sectorum
1355 4041 1412 4089 inter

314 4095 408 4155 luxum,
426 4095 537 4144 omnium
555 4098 701 4160 scriptorum
719 4101 763 4150 uel
779 4109 898 4153 testarum
915 4107 962 4154 iter
979 4108 1047 4172 lusu,
1068 4109 1180 4157 omnium
1205 4117 1323 4160 testarum
1341 4113 1411 4161 electa

313 4164 480 4232 amabantur
492 4166 593 4230 partim
610 4167 688 4219 etiam
700 4179 761 4233 post
777 4171 910 4224 inuentum
928 4176 964 4229 H.
1001 4186 1124 4228 textorum
1146 4181 1268 4230 seruabat
1286 4182 1410 4232 Heinsius.

313 4247 439 4288 tonsorum
459 4238 502 4288 ucl
518 4239 626 4288 lusorum
647 4240 822 4306 Rurrrrarurus,
842 4247 962 4308 pistorum
981 4248 1113 4312 Beislriur,
1135 4253 1257 4302 lassorum
1277 4253 1409 4313 Iacobsiur,
