3078 4956
802 435 959 490 curantur

791 587 971 652 xxxxvu*

513 692 637 755 ludaeos
651 693 718 756 licet
733 700 762 755 ct
777 694 932 774 porcinum
947 711 1058 755 numen
1074 694 1175 756 adoret

555 799 584 854 et
599 792 667 854 caeli
684 809 815 853 summas
831 793 952 854 advocet
967 792 1125 866 auriculas,

510 891 541 953 ni
556 898 654 953 tamen
668 897 697 952 et
710 891 788 950 lerro
806 889 962 952 succiderit
975 890 1104 968 inguinis
1120 909 1217 964 oram,

554 997 583 1051 et
596 987 654 1050 nisi
670 987 810 1049 nudatum
828 989 945 1050 solverit
959 997 1020 1050 arte
1036 997 1135 1070 caput,

410 1105 425 1154 5
512 1095 665 1167 exemptus
681 1087 791 1166 populo
807 1087 921 1149 Graiam
938 1087 1075 1166 migrabit
1088 1087 1124 1149 ad
1139 1086 1241 1148 urbem

555 1193 584 1246 ct
597 1204 658 1247 non
673 1186 770 1246 ieiuna
786 1184 904 1246 sabbata
915 1185 978 1265 lege
994 1193 1115 1265 premet.

510 1300 567 1345 una
582 1290 628 1344 est
642 1283 779 1346 nobilitas
794 1292 1057 1363 argumentumque
1072 1283 1177 1344 coloris

552 1381 684 1460 ingenui,
699 1381 816 1445 timidas
832 1399 894 1443 non
909 1381 1045 1445 babuisse
1060 1399 1166 1444 manns

352 1553 359 1557 ·
394 1540 504 1590 Petronii
522 1538 633 1589 Biuetaa
742 1543 867 1589 lnomcn
886 1539 996 1590 Bioctae
1014 1546 1155 1590 correctum
1171 1540 1201 1590 irc
1217 1541 1335 1607 mot-piac

325 1614 340 1662 2
360 1613 407 1662 cilli
426 1618 557 1676 tamquam
575 1609 646 1660 amni
664 1609 787 1661 Pitlweaa
906 1612 1027 1661 auricolas
1046 1610 1101 1660 aiae
1119 1613 1241 1661 auriculas
1260 1613 1289 1662 ira
1307 1613 1441 1679 margine,

324 1685 445 1748 agricolas
462 1682 492 1732 irc
508 1698 588 1733 aaran
605 1682 715 1733 Binetuc
800 1684 814 1731 3
831 1671 913 1733 ‘oram
932 1690 956 1731 ct
965 1682 1038 1747 forte
1056 1679 1149 1732 arram'
1170 1682 1199 1732 ira
1217 1683 1342 1750 margine,
1363 1700 1441 1734 aram

323 1755 352 1805 iu
369 1770 448 1805 uersu
464 1754 575 1805 Binetaa
682 1757 699 1802 4
718 1755 837 1803 nudatum
855 1752 991 1803 Pitbocoa:
1009 1755 1130 1804 nodatum
1142 1754 1252 1804 Biuctua
1363 1758 1381 1805 5
1402 1756 1441 1806 sic

325 1825 512 1878 Goldcetiaoa:
536 1825 611 1876 Graia
636 1826 750 1890 migrabit
775 1827 806 1874 ab
830 1826 891 1874 urbe
909 1825 1025 1876 Binctua.
1058 1825 1145 1876 Graias
1169 1843 1203 1876 m.
1222 1827 1255 1876 ad
1273 1829 1346 1878 urbes
1366 1826 1440 1878 idem

323 1898 352 1948 in
370 1897 500 1964 margine,
519 1906 590 1962 grata
608 1898 723 1960 migrabit
740 1898 771 1945 ab
791 1899 851 1946 urbe
872 1895 1045 1948 casaubonus.
1081 1897 1157 1947 Graia
1174 1899 1234 1947 urbe
1248 1913 1303 1962 pro
1322 1898 1440 1963 Neapoli

324 1969 418 2020 Danao
436 1968 526 2020 babuit
616 1971 629 2016 6
648 1966 738 2017 melius
757 1966 865 2017 allateret
881 1969 955 2017 ieiuni
1047 1971 1127 2019 let8
1145 1969 1290 2034 reparandi
1308 1969 1439 2020 uidentur

781 2133 973 2196 xxxxvffl*

466 2256 540 2318 lecto
557 2255 741 2334 compositus
756 2255 801 2316 vix
817 2257 912 2337 prima
928 2256 1040 2318 silentia
1055 2257 1150 2319 noctis

509 2354 662 2435 carpebam
679 2361 708 2416 et
722 2371 829 2414 somno
845 2354 955 2417 lumina
970 2357 1044 2418 victa
1060 2357 1179 2432 dabam,
1285 2398 1289 2406 ·

466 2472 533 2515 cum
549 2473 596 2515 me
611 2470 716 2514 saevus
731 2452 822 2513 Amor
837 2473 976 2533 prensum
992 2472 1170 2534 sursumque
1185 2454 1293 2534 capillis
1366 2495 1375 2500 -

507 2553 613 2614 excitat
628 2559 657 2614 et
672 2552 798 2614 lacerum
814 2553 981 2633 pervigilare
996 2553 1084 2614 iubet.

407 2668 422 2715 5
462 2643 510 2712 ‘tu
524 2651 650 2714 famulus
666 2641 763 2712 meus'
778 2650 874 2729 inquit
884 2641 977 2712 ‘ames
993 2669 1059 2712 cum
1074 2650 1152 2712 mille
1167 2650 1289 2731 puellas,

508 2750 602 2821 solus,
618 2749 647 2810 io
663 2748 762 2821 solus,
777 2744 864 2819 dure,
880 2747 974 2810 iacere
988 2739 1109 2828 potesl'

465 2847 566 2910 exsilio
581 2852 610 2907 ct
624 2846 748 2926 pedibus
763 2847 851 2908 nudis
866 2848 1021 2926 tunicaque
1037 2847 1132 2910 soluta

509 2963 596 3008 omne
610 2945 665 3006 iter
678 2944 822 3024 impedio,
836 2945 947 3006 nullum
963 2945 1018 3006 iter
1032 2946 1164 3024 expedio.

464 3061 543 3105 nunc
558 3061 700 3123 propero,
715 3060 795 3105 nunc
809 3044 851 3106 ire
866 3044 958 3124 piget,
973 3062 1151 3124 rursumque
1165 3044 1259 3107 redire

391 3158 422 3208 10
508 3141 650 3221 poenitet,
666 3148 695 3201 ct
709 3141 807 3219 pudor
820 3149 866 3203 est
881 3149 960 3202 stare
974 3141 1018 3203 via
1033 3143 1136 3204 media.

466 3258 531 3302 ecce
546 3246 642 3302 tacent
656 3258 742 3301 voces
758 3240 913 3301 hominum
929 3239 1127 3321 strepitusque
1143 3243 1253 3304 viarum

506 3347 534 3401 ct
548 3339 699 3401 volucrum
715 3346 818 3402 cantus
834 3338 978 3428 turbaque
992 3338 1050 3400 lida
1065 3358 1188 3402 canum:

464 3439 546 3504 solus
560 3457 615 3518 ego
631 3457 666 3500 ex
680 3437 793 3501 cunctis
809 3455 899 3517 pareo
916 3455 1114 3519 somnumque
1128 3447 1286 3520 torumque

506 3544 534 3600 ct
548 3556 659 3618 sequor
673 3537 845 3618 imperium,
862 3554 966 3616 magne
981 3536 1107 3619 Cupido,
1121 3547 1206 3602 tunm

390 3695 500 3744 Petronii
517 3694 644 3746 Bracaros.-
661 3692 723 3745 uc'de
741 3693 891 3744 Burmanni
909 3693 1003 3744 anthol.
1025 3694 1081 3745 III
1095 3697 1147 3745 205
1308 3695 1323 3742 2
1342 3693 1424 3742 uincta

319 3763 444 3814 Heinsius
553 3769 567 3816 3
581 3775 682 3831 prensat
693 3766 736 3817 rael
747 3767 845 3829 prandit
857 3764 1065 3832 Oudendorpiae.
1082 3766 1198 3832 sortasse
1209 3765 1356 3828 unlsnmqne

322 3837 353 3884 1³
373 3850 446 3886 careo
465 3851 602 3901 somnoque
621 3848 724 3902 toroque
743 3835 908 3888 Schrader-oc
1028 3839 1177 3902 torumque?
1196 3853 1227 3887 err
1247 3851 1337 3900 sequor
1355 3834 1423 3886 Bar·

317 3921 429 3956 umnam
447 3906 575 3957 occandus

767 4047 972 4112 xxxxvrru*

484 4150 596 4212 sitnon
611 4151 657 4212 illa
672 4151 722 4214 diu
736 4152 824 4213 nobis
839 4151 955 4225 dilecta,
971 4151 1088 4226 Nealce,

526 4268 598 4330 quac
612 4257 641 4312 te
655 4249 750 4332 prima
765 4269 831 4314 meo
847 4257 968 4332 pectore
982 4249 1163 4331 composuit:
