3078 4956
596 449 737 505 saunas
1157 454 1220 520 203
1280 401 1284 408 ι

93 615 109 667 ι
125 626 186 670 esse
199 609 426 690 lumborumque
440 609 604 671 solutorum
620 608 760 671 omnibus
775 608 899 684 dixerat,
915 609 983 671 etsi
998 625 1060 672 non
1076 617 1222 673 servasset

123 707 258 788 integram
288 708 517 783 simulationem,
545 707 762 789 periclitabatur
795 714 888 769 totam
919 725 1012 788 paene
1042 708 1221 787 tragoediam

123 815 252 868 evertere.
283 807 379 887 itaque
395 815 427 868 ut
441 813 589 869 constaret
603 806 757 869 mendacio
773 807 856 884 fides,
872 807 998 888 puellam
1015 807 1133 888 quidem
1149 825 1220 869 ero-

122 905 203 979 ravit‚
219 912 251 966 ut
265 905 379 967 sederet
395 923 483 984 supra
499 905 734 966 commendatam
749 905 920 981 bonitatem,
936 905 1037 967 Coraci
1052 912 1149 967 autem
1163 906 1220 968 im-

96 1019 108 1066 5
124 1003 241 1080 pererit,
262 1011 296 1065 ut
310 1003 432 1079 lectum,
450 1005 481 1064 in
497 1023 555 1083 quo
570 1004 635 1084 ipse
650 1003 772 1077 iacebat,
789 1004 900 1067 subiret
915 1004 1079 1085 positisque
1093 1004 1123 1065 in
1139 1005 1221 1085 pavi-

122 1109 215 1162 mento
236 1102 374 1164 manibus
394 1103 546 1165 dominum
567 1103 673 1165 lumbis
693 1103 755 1164 suis
777 1111 983 1165 commoveret.
1016 1102 1061 1164 ille
1076 1102 1153 1165 lente
1167 1121 1221 1183 pa·

122 1199 199 1261 rebat
218 1200 342 1280 imperio
362 1201 530 1282 puellaeque
549 1202 702 1278 artificium
723 1202 786 1281 pari
804 1209 888 1263 motu
907 1198 1122 1263 remunerabat.
1153 1217 1220 1261 cum

122 1317 188 1378 ergo
208 1317 255 1360 res
275 1300 310 1362 ad
331 1300 465 1360 effectum
485 1305 643 1379 spectaret,
659 1298 734 1360 clara
749 1298 912 1379 Eumolpus
928 1318 998 1360 voce
1013 1297 1220 1360 exhortabatur

123 1395 239 1472 Coraca,
261 1405 294 1458 ut
313 1398 455 1477 spissaret
473 1397 612 1458 officium.
648 1399 690 1458 sic
711 1397 787 1459 inter
805 1399 1018 1461 mercenarium
1041 1398 1221 1477 amicamque

84 1510 109 1559 lo
124 1496 232 1574 positus
252 1513 340 1557 senex
360 1495 445 1557 veluti
465 1495 644 1556 oscillatione
664 1495 790 1558 ludebat.
819 1497 877 1559 hoc
892 1497 982 1559 semel
997 1497 1160 1578 iterumque
1174 1496 1221 1558 in-

124 1595 197 1672 genti
211 1595 284 1669 risu,
300 1593 386 1656 etiam
403 1611 467 1666 suo,
483 1593 647 1672 Eumolpus
662 1593 777 1656 lecerat.
807 1593 902 1676 itaque
914 1615 966 1676 ego
979 1614 1106 1678 quoque,
1120 1613 1157 1657 ne
1169 1595 1220 1657 de-

124 1693 190 1756 sidia
208 1691 451 1762 consuetudinem
472 1692 638 1772 perderem,
661 1691 731 1753 dom
751 1693 840 1755 frater
859 1694 972 1755 sororis
989 1712 1058 1755 suae
1074 1701 1221 1756 automata

124 1809 173 1870 per
191 1791 352 1852 clostellum
372 1791 510 1866 miratur,
536 1791 646 1853 accessi
660 1798 840 1866 tentaturus,
859 1811 896 1854 an
912 1798 1061 1872 pateretur
1076 1791 1220 1854 iniuriam.

123 1907 174 1952 nec
188 1909 219 1952 se
233 1889 371 1952 reiciebat
385 1909 401 1951 a
416 1889 561 1951 blanditiis
578 1889 766 1952 doctissimus
777 1909 860 1971 puer,
875 1890 926 1952 sed
939 1909 987 1951 me
998 1907 1109 1953 numen
1121 1889 1220 1953 inimi-

85 1989 496 2070 mfflmfflfflmm

654 2083 675 2123 il·

196 2151 247 2221 ‘dii
263 2157 391 2221 maiores
408 2163 484 2234 suat,
500 2157 550 2238 qui
565 2178 613 2220 me
628 2160 818 2227 restituerunt
832 2159 863 2222 in
878 2161 1033 2240 integrum.
1059 2159 1220 2224 blercurius

123 2257 206 2332 enim,
227 2259 276 2338 qui
297 2259 407 2321 animas
428 2259 534 2320 ducere
553 2265 581 2320 et
595 2258 734 2320 reducere
749 2257 837 2332 solet,
856 2258 918 2320 suis
933 2257 1081 2321 beneficiis
1095 2257 1222 2321 reddidit

122 2355 201 2432 mibi,
222 2357 301 2438 quod
316 2374 420 2419 manus
435 2356 508 2419 irata
523 2358 716 2436 praeciderat,
737 2364 769 2418 ut
783 2356 858 2420 scias
874 2375 922 2418 me
936 2357 1140 2438 gratiosiorem
1156 2376 1221 2420 esse

123 2472 205 2534 quam
219 2455 416 2518 Protesilaum
430 2463 480 2519 aut
496 2473 671 2537 quemquam
687 2454 774 2519 alium
791 2447 996 2537 antiquorum.²
1019 2456 1091 2518 baec
1105 2455 1220 2518 locutus

82 2559 108 2611 ιι
123 2555 222 2616 sustuli
240 2555 371 2618 tunicam
390 2554 595 2635 Eumolpoque
614 2574 661 2616 me
681 2561 776 2616 totum
798 2553 965 2636 approbavi.
999 2561 1029 2617 at
1054 2553 1101 2615 ille
1123 2554 1220 2634 prirno

121 2652 276 2727 exhorruit,
292 2652 395 2716 deinde
410 2661 442 2717 ut
456 2653 616 2734 plurimum
631 2652 771 2726 crederet,
789 2661 909 2733 utraque
925 2670 1013 2716 mauu
1028 2653 1152 2714 deorum
1167 2653 1219 2714 be·

119 2753 216 2814 noticia
229 2758 335 2814 tractat

655 2848 676 2888 s

196 2913 366 2995 ‘Socrates,
393 2921 514 2984 deorum
537 2921 749 3003 hominumque
764 2968 771 2984 .
785 2969 791 2984 .
805 2968 827 2996 .,
853 2921 969 3004 gloriari
991 2921 1115 2996 solebat,
1142 2891 1221 3006 quod

118 3177 252 3254 aqussuxoi
274 3203 363 3254 scarpo
381 3186 431 3272 L,
443 3187 553 3254 Pygiaca
570 3204 659 3254 mnrpo
678 3196 701 3250 t,·
726 3189 807 3240 Isiece
831 3187 954 3243 Valesius.
991 3190 1095 3255 requiro
1114 3189 1221 3242 Auro-

117 3258 270 3321 Atellus,
289 3276 349 3308 raons
367 3277 429 3326 asupq
450 3266 475 3308 et
491 3253 599 3328 πυγίζειν
618 3259 650 3309 ab
669 3259 786 3311 hocloco
805 3261 962 3314 alienissimo

186 3351 200 3396 2
219 3361 283 3412 pene
299 3347 336 3396 Lt
352 3346 422 3413 qnod
441 3355 515 3398 erant
532 3348 577 3413 qui
591 3364 642 3413 pro
659 3349 761 3400 nomine
772 3348 901 3400 baberent.
923 3349 1040 3416 sortasse
1051 3350 1149 3413 penitus

117 3417 258 3483 lfortosse
281 3433 356 3483 super
378 3417 524 3470 mentulam.
544 3421 727 3470 commodatam
746 3421 841 3471 Denso
850 3421 877 3486 f.
896 3426 924 3469 ut
943 3423 1041 3472 cederet
1058 3435 1133 3484 supra
1152 3434 1220 3470 coro-

116 3492 243 3540 meudatae
260 3491 364 3540 bonitati
382 3488 545 3555 Surium-ius,
564 3499 591 3540 ιιι
609 3493 705 3542 sederet
722 3507 797 3557 supra
815 3507 841 3542 se
860 3493 1035 3542 commendata
1052 3491 1161 3541 bonitate
1179 3491 1222 3541 nel

116 3563 235 3624 pronitate
247 3559 372 3612 Heinsius
474 3566 488 3611 6
508 3564 573 3612 lente
585 3560 736 3628 Scioppius:
754 3566 821 3613 lento
834 3563 901 3614 libri.
926 3564 993 3614 lento
1011 3563 1115 3628 parebat
1126 3563 1220 3627 impetu

117 3631 259 3692 lasciuiam
278 3650 314 3683 on
331 3631 455 3683 libenter?
563 3638 574 3683 7
595 3636 725 3699 puellaque
746 3633 861 3700 Capenas
972 3638 1001 3684 11
1021 3636 1076 3684 nisu
1095 3640 1119 3683 sl
1140 3638 1170 3684 13
1188 3635 1220 3684 ri·

116 3711 194 3754 metor
212 3702 347 3769 adscripto
363 3703 427 3754 libro
445 3704 596 3756 Heracliono
705 3709 738 3754 14
757 3708 882 3757 reiiciebat
893 3705 954 3756 libri
1065 3707 1108 3756 sed
1127 3721 1220 3756 numen

116 3775 237 3826 inimicum
254 3776 288 3826 ibi
307 3791 404 3839 quoque
422 3777 507 3826 inueni
519 3775 636 3827 Nodotns
727 3780 759 3826 15
779 3776 843 3828 dnos
861 3777 993 3828 asteriscos
1006 3777 1034 3827 in
1046 3793 1129 3828 nucem
1142 3794 1221 3829 uersu

116 3846 139 3894 L
155 3846 237 3910 babet,
255 3861 336 3898 onnon
348 3855 383 3911 pt
482 3849 513 3898 18
532 3848 630 3912 ingrata
647 3846 771 3898 Heinsius
869 3851 899 3898 19
918 3852 1055 3912 pteseloum
1073 3856 1103 3898 nt
1121 3865 1136 3899 ο
1156 3865 1187 3900 es
1206 3866 1219 3900 e

116 3925 209 3968 cantato
227 3916 352 3968 uideatur
366 3917 452 3968 sedin
463 3918 579 3984 maraine
591 3921 750 3983 protesilaum
763 3918 788 3968 L
877 3935 1019 3983 quenquam
1032 3920 1056 3968 L
1147 3924 1179 3970 21
1194 3927 1221 3970 ut

115 3989 227 4039 nimirum
245 3989 342 4040 ronnei
438 3992 585 4040 beneficium
597 3991 621 4039 L
721 3994 754 4040 22
774 3998 824 4040 tres
842 3990 975 4041 samoneos
993 3991 1022 4042 in
1038 4008 1124 4044 ιιιιιιιο
1141 4006 1221 4044 neren

115 4061 137 4108 L
154 4060 235 4123 babet,
255 4077 335 4110 unum
349 4068 382 4126 ps
501 4064 534 4110 ιδ
547 4064 727 4125 hominumque
740 4099 827 4114 .....
841 4062 941 4125 gloriari
953 4061 987 4127 L,
1005 4065 1184 4126 bominumque
1204 4078 1219 4106 a

52 4161 54 4172 ι
114 4133 208 4194 gloriari
223 4139 264 4197 pt.
300 4133 390 4182 iudicio
409 4133 602 4197 sapientissimus
621 4133 751 4198 suppleuit
768 4132 928 4198 suspeetior,
950 4149 1006 4185 uere
1025 4135 1219 4199 sapientissimus

115 4202 238 4254 Parisino
261 4203 307 4254 illu
330 4202 385 4253 dnn
405 4203 523 4254 Gmnolii
545 4204 577 4256 oie
600 4221 653 4270 quo
671 4202 730 4254 diei
748 4202 784 4253 od
801 4220 827 4268 p.
849 4206 907 4266 143,
928 4207 970 4258 14.
997 4195 1037 4254 ‘in
1055 4204 1103 4256 boc
1123 4203 1219 4259 locum

108 4283 171 4340 puto
186 4275 314 4327 Graecam
331 4290 418 4328 uocem
436 4273 592 4330 desiderari
613 4275 642 4326 in
659 4274 775 4348 norpine
794 4275 819 4326 L
836 4273 955 4344 aaasqer
