3078 4956
842 582 879 644 Vl
886 581 900 613 *

404 699 570 780 Falpcnn‘us
583 701 794 781 mytholopicoa
809 700 827 761 I
832 722 863 782 p.
873 701 918 763 23
928 702 1083 764 Manclrcn'
1087 721 1096 763 .·
1112 704 1209 765 nescis
1222 749 1230 765 .
1243 751 1250 765 .
1265 751 1271 766 .
1287 712 1442 784 quantum

321 806 447 879 satyram
467 807 619 861 matronae
639 799 805 862 formident.
834 799 902 860 licet
921 800 1078 882 mulierum
1098 801 1271 864 verbialibus
1292 803 1388 863 undis
1411 810 1443 863 et

320 897 455 960 causidici
471 898 574 960 cedant
588 918 642 961 nec
657 899 836 978 grammatici
851 897 997 972 mutuant,
1014 901 1115 962 rhetor
1126 907 1218 962 taceat
1229 907 1258 962 et
1270 900 1442 962 clamorem

319 1014 425 1075 praeco
445 1005 615 1076 conpescat,
642 997 704 1058 sola
720 1004 765 1058 est
785 1017 858 1078 quae
880 997 1001 1058 modum
1022 999 1139 1078 inponit
1157 999 1339 1075 furentibus,
1369 999 1443 1061 licet

320 1095 494 1158 Petroniana
510 1095 596 1158 subet
609 1095 723 1157 Albutia

391 1254 488 1303 albucia
506 1253 658 1312 Palatinus;
682 1254 813 1302 Petronius
838 1261 912 1317 poeta
934 1255 980 1302 fuit
999 1255 1040 1316 qni
1058 1255 1155 1317 scripsit
1172 1261 1282 1320 satyram
1301 1255 1441 1305 Albutiam

317 1324 455 1391 placeatur.-
475 1324 506 1374 ola
525 1324 653 1374 Albucilla
668 1315 816 1376 ‘multorum
835 1324 962 1376 nnwnbua
974 1317 1092 1390 famosa’
1115 1341 1131 1373 a
1153 1324 1241 1374 Tacito
1259 1343 1322 1379 ann.
1344 1325 1393 1376 VI
1403 1331 1440 1375 47

320 1404 512 1446 commemorata
538 1395 659 1462 copitnuit
685 1395 796 1460 Daniel,
825 1395 893 1445 inter
920 1396 974 1445 eius
1003 1404 1128 1445 amatores
1153 1395 1302 1447 Petronium
1330 1415 1441 1463 quoque

312 1467 399 1532 fuisse
423 1475 534 1531 napatas
558 1466 683 1517 Heinsius
706 1475 748 1516 cst.
785 1476 850 1516 recte
874 1467 1033 1517 Mancharus
1056 1467 1172 1516 indicari
1193 1468 1323 1519 iudicauit
1353 1487 1440 1520 unam

321 1537 353 1588 dc
363 1536 473 1603 feminis
491 1554 555 1603 quaa
573 1538 601 1588 in
618 1539 702 1588 satira
715 1537 884 1603 produaiasct
895 1539 1040 1602 Petronius,
1059 1547 1084 1587 ct
1099 1539 1146 1588 illa
1158 1540 1262 1604 quidem
1274 1557 1367 1592 amore
1377 1541 1442 1606 fuit

312 1610 421 1676 furiosa
514 1612 585 1659 subet
602 1609 709 1674 scripsi:
728 1612 793 1659 subit
810 1609 870 1660 libri
876 1628 885 1670 ,·
903 1612 995 1660 scilicet
1008 1612 1157 1660 Petroniana
1175 1613 1241 1661 subit
1258 1612 1391 1677 antiquae
1410 1621 1441 1662 ut

320 1697 386 1747 quac
404 1679 495 1730 subicit
513 1679 664 1748 bhhpenthts
683 1686 730 1730 hac
750 1683 840 1730 etenim
859 1683 981 1730 alludente
1000 1689 1024 1730 et
1043 1683 1172 1732 Plautinae
1190 1682 1298 1733 Saureae
1317 1686 1439 1734 domina-

319 1762 359 1802 tus
384 1755 506 1802 obdormit
529 1761 553 1802 et
577 1752 715 1817 Sulpicillne
734 1754 894 1802 Ausoniauec
918 1754 1054 1816 loquacitas
1079 1755 1172 1816 deperit
1194 1771 1246 1804 nou
1265 1754 1301 1804 ari
1318 1757 1439 1806 satiram

320 1823 366 1875 aeci
384 1823 420 1874 ad
438 1823 569 1874 Albutiam
587 1824 754 1888 reserrentur,
773 1823 835 1874 uiolc
855 1823 973 1874 Gonsalii
985 1823 1155 1889 praeludium
1173 1824 1212 1874 ΙΙ

838 2017 909 2080 vll*

405 2137 571 2218 dulpcntias
585 2139 797 2220 mytholopr'con
808 2136 858 2197 III
867 2135 886 2198 8
894 2157 925 2218 p.
938 2136 1002 2198 124
1017 2138 1069 2200 ubi
1082 2157 1183 2200 sucum
1194 2138 1334 2218 myrrhae
1346 2141 1437 2203 valde

321 2238 470 2318 fervidam
484 2256 543 2299 esse
559 2238 648 2299 discit:
668 2239 745 2298 unde
761 2245 790 2299 et
804 2237 961 2298 Petronius
977 2237 1092 2299 Arbiter
1107 2238 1143 2300 ad
1157 2237 1283 2299 libidinis
1300 2241 1436 2302 concita-

321 2344 452 2399 mentum
469 2335 652 2416 myrrhinum
669 2355 701 2397 se
715 2336 855 2415 poculum
870 2335 978 2397 bibisse
992 2337 1080 2397 refert

392 2493 592 2560 mythopraphus
616 2491 755 2542 Vaticanus
779 2492 868 2542 tertius
892 2493 921 2542 in
939 2491 971 2544 A.
990 2492 1049 2542 Mai
1072 2492 1146 2552 elasa
1167 2502 1233 2546 auct.
1252 2493 1309 2544 III
1318 2511 1351 2559 p.
1366 2499 1436 2547 261.-

320 2568 386 2616 unde
410 2573 434 2616 et
451 2567 583 2616 Petronius
602 2566 701 2614 Arbiter
725 2566 756 2614 ad
779 2565 884 2614 libidinis
907 2566 1115 2614 concitamentum
1134 2580 1160 2615 se
1180 2567 1335 2630 myrrhinum
1356 2583 1435 2631 pocu-

320 2639 371 2686 lum
390 2639 477 2687 bibisse
496 2638 571 2687 refert
713 2637 842 2685 mirrinum
867 2651 892 2685 se
911 2638 1029 2700 pueulum
1047 2637 1136 2686 bibisse
1155 2637 1230 2685 refert
1248 2637 1392 2688 Palatinas
1412 2646 1436 2687 et

327 2707 475 2772 Vaticanus,
495 2709 623 2758 mirrinum
642 2710 759 2772 poculum
779 2722 804 2756 sc
819 2708 908 2756 bibisse
921 2709 995 2757 refert
1008 2707 1252 2771 Montcpessulanus‚
1272 2711 1432 2774 myrrhinum

320 2796 346 2830 se
370 2782 486 2844 poculum
511 2781 601 2829 bibisse
625 2780 699 2828 refert
717 2781 741 2828 in
760 2780 822 2827 libro
841 2779 925 2826 XIIII.
946 2780 986 2826 ubi
1005 2780 1117 2841 quartilla
1135 2780 1279 2843 interposita
1298 2782 1386 2830 ascilto
1409 2791 1433 2830 et

321 2853 434 2915 encolpio
452 2852 583 2915 propinato
603 2852 691 2900 iterum
710 2852 750 2899 illa
768 2858 838 2913 parte
859 2847 1022 2914 [propinando
1041 2851 1129 2898 iterum
1147 2851 1179 2899 illi
1192 2860 1289 2914 partem
1303 2851 1431 2915 Iahnius]

305 2923 398 2979 *ascilti
416 2924 499 2971 tribuit
518 2924 549 2970 ad
567 2923 711 2986 potandum,
750 2922 822 2970 Vnde
842 2921 876 2969 ait
895 2922 1007 2988 quartille
1020 2922 1134 2984 quicquid
1148 2923 1230 2970 satirei
1243 2923 1288 2971 fuit
1301 2926 1430 2988 encolpius

321 2994 395 3042 ebibit
408 2992 475 3042 solus
488 2992 627 3043 Parisinus
640 2997 708 3042 7975
725 2992 822 3041 saeculi
833 2991 884 3044 XI.
915 2991 978 3042 hace
997 3003 1030 3040 ea
1042 3009 1072 3056 p.
1093 2995 1135 3054 22,
1157 2996 1188 3042 ll
1208 2993 1292 3042 relata
1311 3009 1369 3044 cunc
1387 2995 1431 3043 ab·

320 3064 444 3114 horreant
461 3080 478 3112 a
495 3072 576 3115 mente
595 3063 739 3129 stipendi,
757 3062 924 3128 interpolasse
938 3070 1049 3126 propter
1071 3063 1262 3114 similitudinem
1285 3067 1433 3132 arpumenti

320 3135 456 3186 librarium
484 3134 569 3185 coelice
596 3135 683 3199 aliquo
707 3133 823 3184 Petronii
846 3150 922 3185 urana
939 3142 1005 3185 recte
1023 3135 1112 3185 statuit
1126 3133 1320 3189 damnans.
1349 3153 1431 3202 ncqrec

318 3209 407 3257 librum
426 3208 504 3256 XIIII
530 3205 681 3272 Fnlpentias
705 3206 849 3270 appellauit
865 3213 973 3269 praeter
997 3207 1203 3257 consaetadincrn
1227 3207 1272 3258 scol
1293 3207 1363 3258 idem
1386 3211 1431 3259 iste

319 3278 452 3331 librarius.
490 3279 536 3343 qui
560 3295 621 3329 nura
640 3292 725 3328 errore
744 3279 822 3326 XIIII
840 3277 997 3328 substituerit
1015 3294 1067 3342 pro
1089 3280 1139 3327 XV
1165 3294 1200 3328 an
1222 3279 1251 3330 in
1274 3279 1360 3330 coeliae
1386 3297 1431 3331 suo

319 3351 391 3402 illum
414 3366 549 3401 numerant
571 3350 713 3412 inuenerit,
738 3348 767 3398 iol
790 3349 916 3415 inteqrana
935 3349 1058 3414 relinquo.
1078 3349 1219 3415 ‘posterius
1237 3352 1260 3400 si
1277 3367 1370 3402 uerum
1387 3361 1430 3416 est,

320 3431 344 3474 et
365 3423 446 3474 simile
469 3421 573 3488 quidem
591 3423 649 3473 ucri
665 3421 783 3483 uidetur,
804 3421 890 3486 possis
908 3420 968 3474 libri
986 3425 1073 3486 quarti
1096 3421 1188 3472 decimi
1204 3422 1274 3488 fines
1293 3424 1431 3474 terminare

321 3495 403 3560 capite
421 3497 455 3548 26
474 3494 519 3547 ubi
537 3511 625 3548 cenant
648 3491 843 3546 Trimalchionis
862 3491 998 3544 Petronius
1016 3509 1129 3544 narrare
1148 3495 1230 3560 acepit

835 3671 918 3733 VIII*

405 3792 572 3873 dulpentias
586 3796 617 3854 in
633 3795 810 3874 eapostuone
823 3791 1001 3872 Va'rpilr'anoc
1013 3797 1202 3856 continentiae
1208 3813 1239 3874 p.
1250 3791 1348 3854 lats:
1365 3794 1429 3855 Tri-

322 3890 433 3953 cerberi
455 3900 550 3953 autem
569 3892 695 3953 fabulam
717 3893 773 3953 iam
795 3892 930 3972 superius
950 3892 1141 3973 exposuimus
1161 3891 1192 3952 iu
1207 3894 1330 3954 modum
1345 3893 1430 3972 iurgii

321 3989 506 4070 forensisque
526 3989 607 4069 litigii
629 3991 767 4071 positam.
799 3991 876 4053 uude
892 3999 920 4053 et
935 3990 1091 4052 Petronius
1107 3989 1137 4051 in
1152 3991 1282 4054 Euscion
1298 3993 1336 4054 ait
1347 3983 1428 4054 ‘Cer-

320 4089 411 4152 berus
425 4087 554 4151 forensis
569 4096 632 4150 crat
647 4079 825 4152 causidicns’

389 4235 493 4316 ‘lepitur
515 4244 645 4298 Petronius
668 4244 692 4296 in
712 4249 814 4312 Euseia,
837 4244 881 4298 arbi
905 4247 971 4300 aliae
995 4247 1023 4298 in
1048 4266 1099 4300 uno
1123 4255 1172 4300 uet.
1199 4247 1253 4299 aad.
1273 4249 1380 4300 Euscion
1402 4247 1429 4299 in
