3008 4962
1069 522 1210 566 xxxxvrru

183 678 215 739 p.
233 657 293 720 229
314 657 369 719 illo
388 677 460 737 puae
481 659 546 720 dccci
559 677 661 720 errore
676 657 806 719 Danielis
821 660 852 718 in
866 657 1043 719 Petroniana
1058 660 1210 738 adsumpto

104 783 173 839 esee,
199 785 277 828 nnnc
294 769 403 846 potitus
423 764 524 828 loooli
542 765 645 846 Mopnr'
663 766 820 847 soploilope'o
841 770 987 846 scripsisse
1008 765 1157 829 Galternrn
1177 768 1210 828 de

106 874 273 937 Concilione
299 877 388 937 didici
414 874 481 937 ΧΗ.
507 876 616 938 soeculi
630 886 755 956 poetam.
781 872 906 936 lacobus
929 878 1006 936 enirn
1030 879 1061 936 in
1082 875 1157 936 lilrro
1178 873 1212 936 ll

104 994 228 1046 tractatu
249 982 270 1045 4
292 984 417 1065 copr'tulo
434 981 454 1044 4
469 983 538 1045 looec
553 985 658 1046 crodit:
680 992 754 1045 teste
770 984 904 1045 Galihero
920 984 948 1044 li.
965 983 1210 1064 allexandreydos.

105 1092 196 1165 Quam
225 1093 329 1155 frivola
360 1092 450 1172 gloria
479 1093 582 1155 muudi
612 1111 699 1172 quam
729 1110 826 1153 rerum
856 1090 995 1170 fugitivus
1024 1093 1129 1153 honor.
1174 1092 1212 1152 Et

104 1200 297 1282 planctus.qui
324 1220 443 1282 preesse
471 1201 551 1281 cupii
576 1202 719 1281 prodesse
740 1209 856 1262 recusat
875 1201 912 1262 Et
931 1201 1037 1262 iterum
1057 1200 1211 1262 lieltherus

104 1309 149 1369 ubi
166 1329 255 1390 supra
272 1309 301 1370 li.
318 1309 353 1370 X.
375 1310 404 1370 in
425 1309 490 1370 fine.
521 1309 643 1389 Magnus
665 1308 695 1369 in
711 1308 843 1388 exemplo
859 1317 905 1370 esi
920 1309 964 1370 cui
981 1328 1042 1371 non
1058 1311 1211 1384 suffecerat

106 1417 191 1480 orbis.
223 1417 339 1480 Sufficit
353 1417 448 1478 excise
464 1417 582 1478 defosso
598 1436 745 1479 marmore
760 1423 836 1479 terre
848 1418 985 1498 Quinque
998 1419 1106 1500 pedum
1119 1419 1210 1481 labri-

105 1534 163 1588 cote
182 1527 291 1589 domus
313 1545 400 1606 quem
421 1525 519 1587 nobile
540 1545 657 1606 corpus.
688 1526 797 1605 Exigua
818 1525 958 1606 requievit
977 1528 1078 1589 humo.
1107 1528 1145 1589 Et
1165 1528 1209 1588 lo-

105 1635 199 1713 quitur
225 1636 262 1696 de
288 1634 454 1696 allexandro
481 1654 553 1715 qnae
579 1638 678 1695 omnio
697 1646 834 1715 eccerpta
853 1645 921 1696 suni
938 1655 976 1697 ec
998 1635 1211 1699 lleacndreide

106 1740 219 1804 Golceri.
250 1761 321 1803 noos
341 1743 462 1823 plenius,
478 1763 533 1824 qno
549 1744 633 1807 rnodo
649 1762 753 1804 nomen
768 1743 868 1806 Plauti
881 1744 951 1806 colel
965 1737 1057 1805 scribi
1069 1748 1100 1806 in
1114 1763 1147 1806 eo
1162 1764 1210 1807 so·
1226 1803 1237 1822 ,

101 1851 221 1932 ploilopii
235 1852 399 1932 eoenplnri
412 1854 488 1934 qnod
502 1852 576 1914 rnilcr'
588 1863 628 1914 esi
642 1855 674 1912 in
688 1852 837 1924 monibus,
854 1862 1026 1931 corruptum
1041 1862 1081 1913 esc
1095 1871 1133 1913 ecc
1147 1854 1211 1932 pla-

105 1968 157 2021 tus,
171 1979 275 2040 nempe
295 1958 429 2022 Golterns
447 1964 479 2020 in
499 1960 575 2022 lilrro
595 1958 667 2020 Vlll
681 1962 720 2040 (s.
732 1959 907 2022 LXXXlllb
925 1961 1056 2022 edin'onio
1067 1958 1211 2040 lnpolsta-

105 2069 205 2132 eliensis
220 2072 296 2130 anni
309 2067 411 2147 1541)
427 2072 467 2130 sic
483 2069 641 2131 enclomat:

605 2197 691 2258 qnam
707 2178 810 2240 frivola
826 2178 917 2258 glorio
932 2196 1031 2240 rerum

267 2305 353 2366 quam
368 2286 506 2366 fugitivus
521 2288 628 2358 honor,
644 2306 730 2366 quoru
747 2286 823 2348 illins
838 2305 949 2350 nomen
964 2287 1049 2350 inane

266 2395 385 2475 praelati
400 2395 450 2475 qui
464 2415 600 2476 praeesse
614 2395 704 2477 cupit,
720 2396 862 2476 prodesse
876 2403 992 2458 recusat

108 2512 163 2565 inm
176 2507 208 2565 in
223 2503 300 2566 libro
318 2503 344 2564 Χ
360 2505 399 2584 (s.
416 2503 496 2565 CXV
508 2505 554 2582 i).·

266 2613 388 2692 Magnus
403 2612 434 2673 in
449 2614 596 2698 exemplo:
613 2613 660 2674 cui
675 2630 734 2674 uon
750 2613 902 2674 suffecerat
918 2611 1007 2684 orbis,

267 2721 375 2783 sufficit
388 2722 485 2783 exciso
500 2721 620 2784 defossa
637 2739 782 2784 marmore
797 2729 874 2782 terra

267 2830 395 2910 quinque
410 2830 517 2911 pedum
533 2830 671 2892 fabricata
688 2830 806 2903 domus,
822 2847 880 2910 qua
895 2827 992 2890 nobile
1007 2846 1114 2909 corpus

236 2958 238 2966 ·
268 2938 369 3019 exigue
384 2939 523 3021 requierit
537 2941 640 3012 humo,
656 2940 750 3001 donec
765 2939 950 3001 Ptolemaeus

268 3048 314 3110 cui
327 3048 397 3129 legis
413 3049 575 3128 Aegyptum
591 3055 704 3128 partem
721 3047 855 3122 cessisse,
870 3048 982 3110 cruenti

268 3156 434 3236 depositum
450 3157 501 3218 inti
516 3157 569 3217 toti
586 3155 744 3216 venerabile
761 3157 872 3218 mundo

267 3265 414 3327 transtulit
427 3265 464 3326 ad
479 3264 585 3326 dictam
603 3264 638 3325 de
653 3264 773 3325 nomine
787 3265 929 3345 principis
944 3263 1057 3327 urbem.

187 3448 302 3530 Scripsi
312 3448 443 3511 kalendis
457 3448 545 3510 llloiis
559 3446 780 3511 Mnooocxlr.
