3022 4956
557 445 699 500 samara
1142 449 1183 514 97

51 609 69 660 t
85 603 173 678 deret,
192 601 368 682 largioribus
384 601 456 663 cibis
472 602 566 664 excito
581 603 667 664 vires.
698 601 814 663 morin
829 601 978 682 publicum
994 603 1116 684 prosilio
1135 604 1184 668 fu-

83 703 226 783 rentisque
246 720 330 763 more
350 719 454 762 omnes
477 703 623 763 circumeo
639 700 781 778 porticus
812 701 863 762 sed
879 702 949 762 dum
965 702 1088 763 attonito
1104 701 1185 764 vultu
1288 699 1291 702 ’

84 801 254 881 elleratoque
274 801 346 862 nihil
364 799 441 862 aliud
460 818 547 879 quam
571 798 688 860 caedem
704 803 733 858 et
748 799 920 876 sanguinem
936 799 1031 878 cogito
1046 801 1185 881 frequen-

83 900 194 980 tiusque
213 918 334 962 manum
351 900 386 961 ad
403 898 554 978 capulum,
575 915 661 977 quem
678 895 865 970 devoveram,
885 897 994 971 refero,
1012 899 1123 961 notavit
1138 918 1185 961 me

58 1010 70 1058 5
85 998 172 1071 mileo,
189 999 248 1059 sire
262 999 309 1058 ille
323 999 428 1078 planus
443 998 499 1058 fuit
513 995 574 1056 sire
585 1000 748 1056 nocturnus
765 1002 924 1072 grassator,
940 1002 969 1056 et
979 988 1061 1076 ‘quid
1077 989 1122 1060 tu’
1137 999 1185 1060 iu·
1204 1043 1208 1049 -

85 1097 143 1174 quit
151 1088 338 1170 ‘commilito‚
361 1117 396 1158 ex
416 1115 472 1177 qua
493 1095 608 1174 legione
623 1113 654 1155 es
670 1099 720 1154 aut
735 1092 818 1154 ouius
834 1085 999 1155 centuria?
1028 1114 1095 1158 cum
1111 1115 1184 1158 cou-

86 1196 257 1258 stantissime
271 1203 301 1257 et
316 1196 516 1258 centurionem
532 1200 562 1254 et
574 1191 720 1270 legionem
736 1210 831 1252 essem
848 1193 1014 1267 ementium,
1026 1186 1091 1274 ‘age
1106 1185 1186 1275 ergo'

85 1293 173 1373 inquit
197 1295 242 1355 ille
264 1285 313 1354 ‘in
332 1296 459 1357 exercitu
476 1299 572 1354 vestro
589 1291 765 1371 phaecasiati
781 1290 887 1352 milites
902 1285 1087 1355 ambulanti'
1116 1313 1185 1356 cum

86 1392 182 1453 deinde
201 1392 283 1454 vultu
302 1399 388 1473 atque
405 1393 471 1473 ipsa
485 1389 680 1470 trepidatione
694 1389 878 1451 mendacium
894 1391 1106 1469 prodidissem,
1127 1411 1185 1472 po-

49 1502 73 1552 10
87 1509 151 1554 nere
171 1511 213 1553 ras
231 1489 318 1553 iussit
333 1509 413 1551 arma
427 1496 456 1550 et
470 1489 547 1551 malo
564 1507 673 1550 cavere.
704 1489 882 1569 despoliatus
897 1507 977 1569 ergo,
992 1489 1083 1552 immo
1098 1509 1185 1570 prae-

87 1591 141 1652 cisa
163 1592 270 1652 ultione
285 1596 364 1651 retro
380 1589 416 1649 ad
431 1587 631 1650 deversorium
647 1588 736 1649 tendo
753 1588 950 1668 paulatimque
963 1588 1126 1652 temeritate
1141 1589 1185 1650 la-

86 1698 146 1751 xata
162 1692 241 1771 coepi
257 1689 433 1770 grassatoris
449 1686 583 1749 audaciae
598 1686 705 1766 gratias
721 1705 806 1766 agere

614 1799 637 1842 a

220 1919 282 1963 non
297 1900 371 1962 bibit
385 1899 461 1961 inter
476 1917 564 1978 aquas
580 1915 671 1976 poma
686 1903 737 1957 aut
750 1895 907 1976 pendentia
924 1897 1017 1977 carpit

263 1999 402 2060 Tantalus
418 1997 530 2070 infelix,
547 2015 634 2076 quem
650 2013 704 2057 sua
718 2003 785 2057 vota
800 2002 948 2076 premunt.

52 2099 75 2148 15
222 2095 318 2157 divitis
333 2097 404 2158 baec
418 2095 516 2174 magni
531 2094 618 2156 facies
635 2094 702 2168 erit,
719 2094 818 2156 omnia
835 2111 958 2156 cernens
1021 2101 1023 2106 ’

264 2195 314 2275 qui
329 2201 409 2256 tenet
423 2201 451 2255 et
465 2194 543 2255 sicco
560 2193 719 2273 concoquit
734 2211 785 2255 ore
798 2193 915 2255 famem.

156 2407 383 2470 llargioribusorn.
397 2411 413 2468 t,
426 2421 478 2454 non
491 2403 516 2453 T
602 2405 735 2454 icircueo
748 2405 773 2453 L
863 2405 974 2470 3nilpt.
1004 2405 1186 2457 antenihillo-

91 2489 174 2525 mnan
184 2475 273 2526 statuit
284 2475 398 2526 lobbias
497 2479 511 2524 6
532 2475 643 2525 centurie
660 2473 685 2526 L
702 2483 776 2526 marr
794 2474 907 2526 Pitboei:
926 2477 1051 2526 centuriae
1064 2484 1099 2540 pt

92 2547 105 2593 8
116 2551 258 2610 phaecasiati
271 2547 304 2612 L,
327 2545 473 2598 Turnebus.-
491 2538 531 2596 ‘in
543 2562 568 2600 n.
582 2562 603 2599 c.
616 2539 726 2611 phocas?
756 2563 845 2613 margo
856 2545 890 2610 L,
908 2548 1047 2610 phocasiati
1058 2555 1093 2612 pt

93 2620 121 2666 10
138 2635 174 2669 me
192 2619 287 2669 addidi
376 2620 543 2683 dispoliatust
630 2618 681 2666 imo
694 2616 726 2668 L.
758 2619 826 2668 omni
844 2615 1001 2670 Scriuerius.
1020 2634 1057 2667 on
1075 2619 1187 2683 deposita

89 2689 351 2750 persuadeamus?
442 2693 472 2739 11
487 2690 649 2738 diuersorium
661 2687 722 2738 iibri
809 2689 893 2738 laxata
905 2687 1076 2739 Maoscierus:
1094 2691 1186 2741 lassata

92 2759 144 2809 libri
230 2766 261 2812 12
276 2761 412 2812 ostensius
424 2761 491 2825 inp,
504 2759 603 2810 nuliam
614 2759 723 2810 lamnae
735 2759 836 2825 signum
848 2759 876 2810 in
885 2759 921 2810 Iri
1009 2763 1040 2809 13
1055 2759 1083 2810 bi
1094 2775 1186 2811 uersas

92 2845 121 2879 ec
130 2833 245 2884 aedmeri
263 2834 350 2898 aliquo
367 2833 470 2898 ingenio
488 2831 605 2882 exierant
621 2831 689 2881 inter
707 2847 764 2896 cop.
778 2833 812 2880 20
831 2839 856 2881 et
873 2833 908 2882 34
925 2831 954 2881 in
972 2829 1110 2898 deperdita
1126 2831 1187 2884 libri

88 2911 164 2964 parte.
185 2905 340 2955 mmmstrot
351 2903 418 2954 iliud
430 2903 493 2954 ordo
505 2918 579 2967 quern
591 2902 620 2952 in
632 2901 790 2967 eaoerpendo
802 2903 939 2953 tentandas
953 2901 1101 2954 Vincentius
1109 2903 1186 2959 Bein.

94 2971 107 3024 l.
118 2989 135 3024 r.
152 2978 271 3042 sequitur,
290 2976 386 3042 quippe
404 2975 450 3040 qui
468 2983 590 3040 quattuor
607 2973 650 3023 bos
668 2989 759 3024 uersus
777 2973 845 3024 inter
857 2991 887 3039 p.
902 2977 943 3038 22,
957 2978 973 3024 4
986 2983 1011 3024 et
1016 2992 1046 3040 p.
1058 2979 1099 3040 37,
1113 2979 1127 3024 5
1147 2977 1186 3027 in-

93 3049 187 3101 uenerit
222 3048 271 3099 buc
289 3056 374 3098 autem
391 3046 420 3097 in
438 3047 493 3111 Lpt
510 3062 567 3096 caan
585 3045 644 3095 aliis
662 3045 779 3110 reliquiis
792 3047 900 3112 congesti
912 3053 978 3097 sunt.
1014 3047 1186 3098 cohibentem

93 3114 232 3184 beennm
250 3135 351 3184 quoque
368 3118 446 3184 rupti.
465 3118 504 3167 ΙΙ
520 3121 553 3168 18
572 3116 612 3166 bis
630 3114 729 3166 uerbis:
747 3119 815 3167 hanc
834 3117 866 3167 de
888 3117 998 3169 Tantalo
1016 3120 1125 3170 fabulam
1139 3121 1186 3170 Pe·

93 3193 175 3240 tronius
193 3193 299 3242 breuiter
318 3192 420 3255 exponit
438 3191 522 3240 dicens
544 3195 568 3238 et
578 3186 737 3255 florilegium
754 3185 906 3238 Parisiorum
1049 3191 1102 3241 Nec
1121 3189 1186 3241 atd-

90 3263 186 3326 pamm,
199 3279 288 3328 margo
301 3270 310 3312 t
399 3260 446 3311 'nec
458 3276 534 3325 poma
546 3261 680 3324 pendentia
692 3259 789 3309 codices
799 3259 939 3327 Fulgentii
952 3277 999 3311 nec
1011 3277 1087 3326 poma
1099 3267 1186 3326 paten-

92 3333 121 3380 tia
137 3333 284 3400 Fulgentius
302 3333 386 3384 edituo
405 3341 429 3383 et
445 3348 476 3382 ea
489 3330 725 3397 mancionatas
743 3330 776 3394 L,
795 3347 875 3395 neque
893 3348 969 3397 poma
986 3349 1076 3397 rnarpo
1090 3339 1105 3383 t.
1143 3339 1186 3381 sut

91 3417 157 3464 poma
174 3408 284 3456 nstantia
302 3413 326 3456 et
344 3420 390 3454 nec
409 3405 488 3467 carpit
505 3405 612 3468 pendula
630 3417 706 3466 poma
724 3402 771 3452 alii
783 3403 889 3453 Pitboeo
908 3411 974 3452 teste.
1002 3418 1078 3467 poma
1094 3410 1137 3452 sut
1148 3403 1187 3450 fu-

92 3475 173 3536 gientia
190 3477 232 3527 uei
248 3493 296 3526 nec
313 3491 390 3541 poma
407 3475 507 3539 fugacia
524 3473 683 3524 Munoberus
781 3475 855 3523 sumit
872 3471 989 3539 Scaliger
1007 3489 1064 3524 eum
1075 3474 1187 3522 natantis

93 3543 175 3611 ederet,
194 3555 276 3612 captat
288 3547 373 3598 nescio
385 3547 442 3611 quis
455 3545 595 3596 seeundum
606 3544 749 3595 Horatium
760 3552 807 3595 sat.
821 3544 842 3594 Ι
849 3548 872 3607 1,
884 3548 918 3596 68
1007 3548 1040 3594 14
1048 3552 1109 3609 post
1119 3545 1187 3594 Tan-

92 3617 147 3666 talus
164 3619 255 3669 incidit
273 3619 414 3669 orationem
425 3617 554 3668 Bartbius
646 3619 676 3666 15
690 3617 774 3666 omnia
785 3617 835 3665 lste
848 3615 1000 3680 Palaestina
1013 3624 1038 3666 et
1048 3615 1188 3666 searndnrn

93 3685 156 3738 illan
171 3707 258 3757 margo
276 3690 309 3744 L.
339 3704 442 3740 aceruos
461 3689 547 3755 (imaro
560 3679 696 3751 aceruum)
709 3686 852 3740 Iacobsius.
881 3686 997 3752 fortasse
1015 3689 1107 3738 circum

96 3759 121 3806 16
138 3777 197 3824 quae
215 3763 260 3812 sed
277 3763 305 3812 in
323 3761 440 3826 margine
452 3762 519 3824 quit
597 3766 675 3810 'tenet
688 3757 840 3824 Fulgentius
852 3757 975 3808 laudona
986 3758 1015 3808 in
1025 3759 1142 3825 margine
1154 3759 1188 3824 L,

98 3826 241 3897 Vincentius,
258 3833 424 3899 duringiam:
441 3833 512 3880 timet
526 3831 580 3895 Lpt
589 3829 698 3895 fnestra
710 3829 810 3895 defensi
822 3830 854 3880 ab
869 3829 964 3880 Oreliio
971 3846 1001 3895 p.
1016 3834 1031 3880 7
1044 3838 1068 3880 et
1080 3848 1097 3880 a
1110 3829 1189 3881 Gobi-

94 3909 140 3950 asto
151 3906 292 3970 appellatas
304 3903 415 3954 Iacobus
426 3901 519 3968 Magni
531 3901 631 3965 Zopbii.
648 3901 691 3952 VI
700 3905 717 3952 8
807 3903 929 3966 conquirit
942 3909 989 3951 aut
1000 3904 1128 3966 conquerit
1135 3917 1188 3966 pro

95 3979 234 4040 conquoquit
253 3975 370 4040 coempta
393 3973 529 4038 Vincentii,
548 3975 676 4036 conquerit
686 3971 845 4038 florilegium
947 3974 1112 4036 postfsmem
1124 3973 1189 4024 duos

94 4047 214 4097 uterinos
232 4047 326 4097 babent
336 4046 379 4110 Lt,
398 4053 449 4095 tres
462 4062 491 4110 p.
522 4044 691 4095 subsecuntur
703 4043 822 4108 deinceps
840 4043 869 4093 in
881 4043 935 4109 Lpt
945 4052 1039 4109 septern
1050 4045 1190 4095 sententiae

94 4119 209 4168 astericis
225 4119 293 4169 inter
310 4133 337 4168 se
355 4125 492 4181 separatae
510 4132 575 4182 quas
588 4115 778 4179 descripserant
789 4130 821 4165 ea
835 4131 898 4165 cena
912 4115 1114 4166 Trimalchionis.
1146 4131 1190 4165 eos

94 4183 123 4233 H
128 4189 177 4238 suis
188 4189 289 4240 sedibus
302 4189 455 4255 adsignauit
466 4205 522 4253 cap.
530 4190 565 4238 43
573 4204 602 4252 p.
613 4191 655 4250 47,
668 4187 713 4234 18.-
726 4190 826 4250 caniat
833 4204 864 4252 p.
873 4189 915 4252 50,
927 4190 955 4236 1:
968 4203 1024 4252 cop.
1032 4189 1067 4236 45
1075 4188 1153 4250 rubo,
1164 4188 1189 4234 9.·

95 4271 143 4320 cap.
152 4263 183 4310 55
190 4279 219 4326 p.
229 4265 270 4328 62,
282 4265 331 4311 23:
344 4278 402 4327 cap.
413 4263 447 4312 56
455 4277 486 4324 p.
498 4262 540 4328 65,
553 4261 600 4310 10:
613 4273 670 4323 cap.
680 4260 714 4310 59
724 4274 754 4323 p.
766 4261 810 4323 70,
819 4261 848 4310 9.-
857 4275 917 4328 cap.
928 4261 961 4308 75
967 4275 997 4322 p.
1005 4261 1047 4321 89,
1058 4260 1082 4308 5.
1101 4257 1189 4320 itaque

141 4339 233 4384 Petronii
248 4342 328 4386 satirae
973 4345 988 4393 7
