3078 4956
311 469 373 531 216
785 456 940 512 ruruouu

454 619 593 680 vindicat:
610 623 638 677 et
654 615 713 677 voti
727 634 796 677 reus
812 613 905 694 etqui
921 613 1049 675 vendidit
1064 614 1180 692 orbem,

454 717 511 778 iam
527 716 582 778 sibi
597 714 721 795 quisque
735 713 807 776 deos
823 713 906 774 avido
924 713 1080 775 certamine
1094 713 1179 793 fingit

383 871 534 958 Fulperstius
556 867 741 936 mytholopieou
763 867 783 917 I
800 871 814 916 1
829 884 859 933 p.
873 870 920 918 31:
946 870 1018 918 huius
1042 870 1078 918 roi
1100 885 1151 918 non
1175 871 1307 920 immemor
1333 880 1360 921 et
1378 874 1430 922 Pe-

310 946 405 996 tronius
430 935 485 994 sit‘
494 944 587 1007 primus
610 943 636 992 in
661 942 720 989 orbe
746 940 805 989 deos
831 941 889 990 lecit
914 931 999 988 timor’
1020 939 1065 989 uhi
1088 943 1148 990 urbe
1166 949 1239 991 uetus
1258 943 1385 992 Danielis
1406 953 1433 993 et

312 1015 449 1067 Palatinus
465 1013 598 1078 praebent,
619 1027 652 1064 eu
671 1010 806 1076 Fulpeutio
819 1010 973 1060 Lactantius
991 1010 1118 1076 interpres
1129 1009 1236 1062 Statii'
1225 1031 1255 1062 m
1276 1013 1356 1067 Theb.
1371 1013 1434 1064 III

311 1092 379 1139 661:
403 1095 478 1150 neget
501 1087 560 1135 deos
585 1085 634 1132 ulls
657 1084 707 1132 alis
725 1097 751 1132 re
770 1083 887 1136 celebrari
906 1083 953 1132 nisi
971 1083 1058 1132 timore
1079 1085 1232 1167 mortalium,
1257 1092 1284 1133 ut
1301 1087 1429 1136 Lucanus

308 1154 387 1223 ‘quae
407 1160 501 1207 finxere
514 1147 611 1206 timeut’
633 1160 658 1203 et
670 1155 801 1204 Petronius
814 1155 931 1203 Arbiter
925 1161 999 1202 ustum
1012 1145 1132 1204 secutus
1141 1157 1234 1218 primus
1247 1157 1274 1205 in
1288 1159 1350 1206 orbe
1364 1159 1429 1207 deos

310 1232 369 1280 feeit
391 1222 473 1278 timor'
495 1226 540 1278 uhi
562 1229 637 1276 istum
660 1225 715 1274 siue
734 1225 872 1274 Lucanum
895 1225 949 1274 siue
972 1222 1087 1274 Statium
1109 1224 1263 1276 lactantius
1287 1227 1428 1292 intellexit,

311 1301 487 1351 auctoritatem
505 1299 559 1348 eius
576 1313 621 1364 epo
638 1313 690 1346 aaa
708 1295 772 1345 assis
783 1295 865 1361 saaio.
890 1295 1074 1346 hemistichium
1087 1314 1104 1346 a
1117 1291 1256 1381 Fulpeutio
1270 1307 1295 1348 et
1306 1300 1429 1350 Laetam-

312 1373 346 1422 tio
364 1369 501 1422 relatum
491 1387 519 1419 ue
536 1367 616 1420 Statii
637 1366 767 1418 Thebaide
785 1365 1099 1432 immortalitatisque
1117 1363 1274 1419 adscribitur
1291 1387 1309 1420 a
1327 1368 1429 1422 Seruio

311 1444 340 1494 ia
364 1443 437 1508 Verp.
456 1441 521 1491 Aea.
541 1439 580 1490 II
596 1441 656 1491 715.
681 1447 758 1488 totum
782 1447 867 1489 autem
891 1437 958 1488 illud
983 1454 1087 1488 carpsere
1108 1440 1134 1490 in
1159 1443 1359 1505 superstitionem
1385 1443 1428 1493 irs·

311 1515 434 1579 scriptum
455 1503 512 1561 ‘sub
531 1509 648 1562 Petronii
672 1510 744 1560 titulo
720 1508 850 1560 ledidit
867 1507 1018 1576 Sealiper'
1008 1527 1036 1560 ιιι
1059 1511 1188 1561 catalectis
1206 1528 1236 1576 p.
1251 1514 1305 1562 234
1329 1513 1377 1577 qai
1398 1514 1428 1564 iu

312 1584 411 1636 schedis
429 1584 483 1634 suis
506 1599 563 1635 mss.
589 1582 664 1634 etiam
686 1597 719 1631 eu
742 1582 824 1632 ueteri
849 1580 933 1631 codice
957 1581 1129 1644 descripserat
1151 1581 1197 1632 sed
1219 1583 1289 1634 mullo
1308 1586 1427 1636 auctoris

312 1657 413 1707 nomiae
426 1650 558 1720 praefisco'
580 1661 609 1704 ut
624 1653 794 1704 Bumaaaaus
812 1652 940 1703 secandus
959 1653 1094 1702 testatur'
1083 1670 1112 1702 m
1130 1653 1259 1720 autholop'
1250 1672 1277 1704 ia
1296 1654 1426 1710 111119.

312 1730 399 1792 itaque
412 1727 529 1777 Petronii
546 1727 589 1778 hos
608 1739 699 1775 uersus
717 1740 769 1774 esse
787 1741 860 1774 aomo
878 1723 998 1786 tradidit,
1017 1723 1049 1774 de
1063 1725 1151 1789 primo
1169 1733 1253 1776 autem
1265 1725 1426 1778 hemistichia

312 1799 370 1850 ueri
392 1799 499 1848 similius
518 1805 554 1848 est
572 1795 736 1862 stupentium
754 1795 879 1845 homiaem
898 1803 922 1845 et
930 1795 996 1860 falli
1014 1803 1038 1844 et
1048 1795 1146 1861 fallere
1165 1797 1265 1846 solitum
1278 1813 1426 1862 perperam

313 1871 462 1922 Petronium
479 1870 508 1920 iu
525 1868 605 1921 Statii
623 1867 705 1917 locum
722 1867 879 1917 substimisse
897 1883 975 1931 quam
989 1875 1093 1930 poetam
1111 1867 1220 1918 alterum
1238 1869 1345 1919 alterius
1364 1887 1425 1921 uer-

312 1942 350 1992 bis
369 1941 495 1992 cecinisse.
524 1955 632 2007 aquosae
653 1938 772 2003 equidem
790 1937 932 1989 scholastici
950 1937 1061 1988 alicuius
1075 1947 1168 2002 poetae
1180 1941 1325 1990 carmania
1338 1941 1425 1993 thema

312 2012 569 2078 Statiauumfaotum
580 2010 653 2062 euius
664 2010 765 2077 perieris
776 2027 829 2060 aaa
838 2026 927 2074 pauca
940 2009 1143 2076 authohipiaram
1156 2010 1216 2060 libri
1227 2021 1370 2062 sericarumt

313 2088 326 2134 1
347 2087 448 2134 horride
466 2081 634 2148 Wakefieldus
723 2083 867 2132 2Mseuala
880 2079 1061 2145 Perllcampius
1151 2085 1166 2131 3
1184 2084 1234 2132 ictu
1246 2083 1369 2134 Reishius

312 2158 409 2206 adultus
426 2155 555 2218 Reishius,
574 2155 605 2204 ed
625 2154 704 2202 undas
723 2152 857 2203 Iacobsius
897 2149 908 2160 ”
977 2155 993 2201 4
1012 2155 1121 2203 deiectus
1140 2152 1277 2204 edebatur:
1301 2157 1423 2206 deuectus

312 2226 445 2290 Heinsius,
455 2228 526 2280 redit
543 2233 613 2276 aetus
632 2223 759 2274 Boethius
877 2229 889 2273 t
907 2215 947 2273 ‘ia
965 2223 1065 2274 schedis
1082 2222 1209 2290 Scaligeri
1225 2227 1365 2290 proiectum
1383 2229 1421 2277 ui-

313 2300 374 2347 tium
392 2307 466 2361 atque
483 2296 556 2346 sed'
546 2314 575 2347 iu
592 2295 709 2361 marpiue
727 2298 848 2379 prooessit
866 2297 952 2344 uitium
966 2295 1035 2360 quod
1049 2303 1140 2358 postea
1153 2295 1284 2347 deleuerat
1295 2306 1322 2347 et
1331 2314 1423 2364 super

312 2370 453 2434 scripserat
478 2370 615 2433 proiectum
640 2368 725 2416 uitium
748 2359 818 2416 hine'
847 2367 1017 2416 Burmauuus
1040 2367 1181 2417 recaredus.
1207 2370 1311 2432 proiecit
1333 2372 1420 2420 uitium

313 2443 363 2491 hoo
382 2440 473 2506 uulpm·
491 2441 595 2504 profecit
612 2437 696 2488 neseio
714 2438 786 2504 quis;
805 2447 947 2502 porrectum
965 2439 1075 2488 mrumst
1094 2439 1160 2492 Luc.
1180 2439 1321 2490 Muellerus
1340 2440 1373 2491 de
1392 2457 1420 2492 re

312 2513 419 2563 metrica
436 2519 504 2577 poet.
524 2511 583 2564 Lat.
568 2519 628 2576 tp.
648 2512 700 2560 298
720 2509 907 2574 praecedentia
933 2507 970 2558 ad
993 2509 1076 2573 primi
1103 2526 1195 2561 uersus
1220 2511 1328 2562 uerbum
1356 2513 1421 2579 refe·

312 2601 372 2634 reus
397 2591 421 2634 et
442 2592 500 2648 post
523 2598 603 2631 annus
622 2582 699 2644 pleae
723 2582 912 2646 iaterpuuyeus,
948 2583 1086 2645 proiectum
1110 2583 1197 2632 uitium
1220 2583 1257 2633 sic
1277 2583 1376 2634 dicitur
1393 2592 1422 2634 ut

307 2656 426 2720 proiecta
444 2653 567 2717 audacia,
581 2653 700 2718 proiecta
719 2659 744 2702 et
761 2653 886 2717 effrenata
904 2651 1035 2717 cupiditas
1143 2655 1158 2703 8
1177 2656 1263 2704 messis
1281 2653 1419 2706 Pithoeus:

312 2729 404 2777 mensis
422 2725 530 2777 schedae
642 2728 656 2774 9
676 2725 777 2775 tertium
794 2723 933 2774 membrum
951 2723 1126 2788 superioribus
1142 2742 1195 2775 moa
1212 2725 1274 2774 satis
1293 2727 1420 2778 cmrsmode

312 2798 444 2848 wascum
534 2799 566 2846 10
581 2797 617 2846 sia
630 2795 753 2846 schedae:
771 2797 839 2846 omni
852 2794 969 2861 Scaliper
982 2803 1042 2860 post
1059 2798 1162 2846 obrutus
1174 2797 1358 2863 iaterpuapeus
1371 2816 1419 2863 quo

305 2869 382 2935 facto
400 2871 501 2918 obrutus
515 2869 597 2931 plane
614 2867 706 2919 iaatile
802 2870 832 2916 11
852 2869 1002 2931 pallidasque
1021 2866 1136 2933 schedae,
1156 2869 1308 2932 liquidasque
1326 2878 1352 2920 et
1366 2872 1414 2920 Pal·

312 2943 397 3004 lasque
415 2956 503 3005 marpo
522 2955 611 2990 aarum
718 2940 833 2988 tabernas
853 2938 986 3004 opifiaean:
1008 2954 1128 2989 cauernae
1140 2936 1265 3005 Sculiper,
1284 2942 1418 3004 palaestras

313 3011 428 3074 Dehius,
451 3011 574 3061 Camenas
593 3017 640 3059 aut
656 3011 769 3059 lucernas
788 3009 916 3060 Barthius
1026 3013 1057 3059 12
1076 3012 1163 3060 urbem
1181 3011 1312 3074 Pithoeus,
1332 3015 1418 3063 orbum

312 3082 447 3135 Barthius.
484 3081 576 3133 horsum
598 3080 745 3144 malumque
763 3081 906 3146 &spicari
924 3081 1047 3147 Mepsrus
1066 3081 1162 3136 anthol.
1182 3085 1232 3133 145
1251 3083 1352 3134 monuit

800 3247 939 3309 xxvm*

475 3371 544 3414 nam
561 3351 646 3414 eitius
661 3351 794 3413 flammas
810 3351 948 3413 mortales
964 3370 1015 3412 ore
1029 3351 1171 3414 tenebunt

476 3469 563 3530 quam
580 3457 690 3512 secreta
705 3456 812 3529 tegant
843 3447 983 3530 quidquid
1000 3448 1121 3512 dimittis
1137 3451 1168 3513 in
1183 3453 1261 3525 auls,

476 3549 569 3610 effluit
583 3556 613 3610 et
627 3547 731 3610 subitis
746 3548 917 3610 rumoribus
934 3547 1042 3627 oppida
1056 3549 1163 3628 pulsat.

477 3666 532 3708 uec
547 3645 618 3708 satis
634 3653 680 3707 est
694 3645 829 3724 vulgasse
844 3646 948 3707 tidem:
964 3644 1128 3708 simulatius
1144 3647 1201 3708 exit

418 3765 433 3812 5
477 3744 654 3824 proditionis
670 3763 745 3824 opus
759 3745 927 3826 famamque
942 3762 1063 3806 onerare
1077 3744 1199 3808 laborat.

476 3844 519 3906 sie
533 3844 693 3905 commissa
708 3862 810 3905 verens
826 3845 928 3906 avidus
944 3861 1073 3905 reserare
1088 3844 1223 3907 minister

475 3942 552 4003 fodit
566 3942 690 4004 humum
705 3942 841 4022 regisque
855 3943 977 4005 latentes
994 3941 1125 4022 prodidit
1140 3962 1241 4018 anres3

477 4039 590 4119 excepit
603 4057 672 4102 nam
688 4049 764 4104 terra
781 4059 874 4103 sonos
891 4040 1050 4120 calamique
1064 4041 1217 4122 loquentes

476 4138 612 4200 invenere
626 4139 747 4215 Midam,
764 4140 878 4220 qualem
893 4148 1060 4202 narraverat
1074 4140 1160 4202 index

383 4305 513 4362 lausquam
527 4295 712 4347 Petraeiauum
731 4295 814 4348 edidit
824 4295 942 4363 Scaliper
954 4299 983 4348 de
996 4299 1133 4348 aulicorum
1146 4299 1254 4348 uanitate
1267 4297 1417 4362 inscriptum
