<?xml version="1.0" encoding="UTF-8"?>
<!DOCTYPE html PUBLIC "-//W3C//DTD XHTML 1.0 Transitional//EN"
    "http://www.w3.org/TR/xhtml1/DTD/xhtml1-transitional.dtd">
<html xmlns="http://www.w3.org/1999/xhtml" xml:lang="en" lang="en">
 <head>
  <title>
</title>
<meta http-equiv="Content-Type" content="text/html;charset=utf-8" />
  <meta name='ocr-system' content='tesseract 3.04.00' />
  <meta name='ocr-capabilities' content='ocr_page ocr_carea ocr_par ocr_line ocrx_word'/>
</head>
<body>
  <div class='ocr_page' id='page_1' title='image "./petroniiarbitri00buecgoog_0174.png"; bbox 0 0 3022 4956; ppageno 0'>
   <div class='ocr_carea' id='block_1_1' title="bbox 594 359 1220 428">
    <p class='ocr_par' dir='ltr' id='par_1_1' title="bbox 594 359 1220 428">
     <span class='ocr_line' id='line_1_1' title="bbox 594 359 1220 428; baseline 0.003 -16"><span class='ocrx_word' id='word_1_1' title='bbox 594 359 738 414; x_wconf 74' lang='lat' dir='ltr'>aarum</span> <span class='ocrx_word' id='word_1_2' title='bbox 1160 367 1220 428; x_wconf 83' lang='lat'>119</span> 
     </span>
    </p>
   </div>
   <div class='ocr_carea' id='block_1_2' title="bbox 97 512 1221 798">
    <p class='ocr_par' dir='ltr' id='par_1_2' title="bbox 97 512 1221 798">
     <span class='ocr_line' id='line_1_2' title="bbox 97 512 1221 601; baseline 0.006 -25"><span class='ocrx_word' id='word_1_3' title='bbox 97 519 202 580; x_wconf 82' lang='lat' dir='ltr'>triens</span> <span class='ocrx_word' id='word_1_4' title='bbox 216 517 334 599; x_wconf 81' lang='lat' dir='ltr'>Cyclops</span> <span class='ocrx_word' id='word_1_5' title='bbox 353 518 500 599; x_wconf 90' lang='lat' dir='ltr'>potuisset</span> <span class='ocrx_word' id='word_1_6' title='bbox 519 537 646 598; x_wconf 78' lang='lat' dir='ltr'><strong>parcere.</strong></span> <span class='ocrx_word' id='word_1_7' title='bbox 676 537 746 580; x_wconf 84' lang='lat' dir='ltr'>mox</span> <span class='ocrx_word' id='word_1_8' title='bbox 765 535 926 580; x_wconf 85' lang='lat' dir='ltr'>conversus</span> <span class='ocrx_word' id='word_1_9' title='bbox 948 519 985 581; x_wconf 92' lang='lat' dir='ltr'>ad</span> <span class='ocrx_word' id='word_1_10' title='bbox 1004 539 1052 581; x_wconf 91' lang='lat' dir='ltr'>me</span> <span class='ocrx_word' id='word_1_11' title='bbox 1063 512 1150 601; x_wconf 89' lang='lat' dir='ltr'>‘quid</span> <span class='ocrx_word' id='word_1_12' title='bbox 1166 512 1221 583; x_wconf 89' lang='lat' dir='ltr'>est’</span> 
     </span>
     <span class='ocr_line' id='line_1_3' title="bbox 128 612 1220 698; baseline 0.003 -20"><span class='ocrx_word' id='word_1_13' title='bbox 128 612 329 698; x_wconf 82' lang='lat' dir='ltr'>inquit‘latro?</span> <span class='ocrx_word' id='word_1_14' title='bbox 357 637 395 678; x_wconf 90' lang='lat' dir='ltr'>ue</span> <span class='ocrx_word' id='word_1_15' title='bbox 409 617 609 696; x_wconf 87' lang='lat' dir='ltr'>deprehensus</span> <span class='ocrx_word' id='word_1_16' title='bbox 626 616 744 695; x_wconf 90' lang='lat' dir='ltr'>quidem</span> <span class='ocrx_word' id='word_1_17' title='bbox 761 635 850 680; x_wconf 89' lang='lat' dir='ltr'>ausus</span> <span class='ocrx_word' id='word_1_18' title='bbox 866 637 898 678; x_wconf 89' lang='lat' dir='ltr'>es</span> <span class='ocrx_word' id='word_1_19' title='bbox 913 617 986 679; x_wconf 90' lang='lat' dir='ltr'>mihi</span> <span class='ocrx_word' id='word_1_20' title='bbox 998 638 1098 682; x_wconf 88' lang='lat' dir='ltr'>verum</span> <span class='ocrx_word' id='word_1_21' title='bbox 1114 619 1220 682; x_wconf 83' lang='lat' dir='ltr'>dicere.</span> 
     </span>
     <span class='ocr_line' id='line_1_4' title="bbox 129 716 1219 798; baseline 0.006 -23"><span class='ocrx_word' id='word_1_22' title='bbox 129 716 258 778; x_wconf 91' lang='lat' dir='ltr'>immoni</span> <span class='ocrx_word' id='word_1_23' title='bbox 280 718 352 779; x_wconf 90' lang='lat' dir='ltr'>deus</span> <span class='ocrx_word' id='word_1_24' title='bbox 375 716 492 797; x_wconf 88' lang='lat' dir='ltr'>quidam</span> <span class='ocrx_word' id='word_1_25' title='bbox 512 716 708 778; x_wconf 88' lang='lat' dir='ltr'>humanarum</span> <span class='ocrx_word' id='word_1_26' title='bbox 728 734 827 778; x_wconf 90' lang='lat' dir='ltr'>rerum</span> <span class='ocrx_word' id='word_1_27' title='bbox 847 717 955 779; x_wconf 85' lang='lat' dir='ltr'>arbiter</span> <span class='ocrx_word' id='word_1_28' title='bbox 972 717 1110 798; x_wconf 85' lang='lat' dir='ltr'>pendenti</span> <span class='ocrx_word' id='word_1_29' title='bbox 1126 737 1219 798; x_wconf 89' lang='lat' dir='ltr'>puero</span> 
     </span>
    </p>
   </div>
   <div class='ocr_carea' id='block_1_3' title="bbox 130 807 960 949">
    <p class='ocr_par' dir='ltr' id='par_1_3' title="bbox 130 807 960 949">
     <span class='ocr_line' id='line_1_5' title="bbox 130 807 960 896; baseline 0.002 -20"><span class='ocrx_word' id='word_1_30' title='bbox 130 816 294 878; x_wconf 82' lang='lat' dir='ltr'>excussisset</span> <span class='ocrx_word' id='word_1_31' title='bbox 308 815 458 889; x_wconf 86' lang='lat' dir='ltr'>indicium,</span> <span class='ocrx_word' id='word_1_32' title='bbox 473 815 573 876; x_wconf 84' lang='lat' dir='ltr'>elusus</span> <span class='ocrx_word' id='word_1_33' title='bbox 588 813 663 876; x_wconf 88' lang='lat' dir='ltr'>circa</span> <span class='ocrx_word' id='word_1_34' title='bbox 679 815 805 896; x_wconf 83' lang='lat' dir='ltr'>popinas</span> <span class='ocrx_word' id='word_1_35' title='bbox 821 807 960 878; x_wconf 88' lang='lat' dir='ltr'>errarem’</span> 
     </span>
     <span class='ocr_line' id='line_1_6' title="bbox 651 911 673 949; baseline 0 0"><span class='ocrx_word' id='word_1_36' title='bbox 651 911 673 949; x_wconf 69' lang='lat' dir='ltr'>il</span> 
     </span>
    </p>
   </div>
   <div class='ocr_carea' id='block_1_4' title="bbox 86 986 1223 1662">
    <p class='ocr_par' dir='ltr' id='par_1_4' title="bbox 103 986 1221 1462">
     <span class='ocr_line' id='line_1_7' title="bbox 103 986 1220 1067; baseline 0.004 -23"><span class='ocrx_word' id='word_1_37' title='bbox 103 995 115 1044; x_wconf 82' lang='lat'>5</span> <span class='ocrx_word' id='word_1_38' title='bbox 204 986 288 1048; x_wconf 85' lang='lat' dir='ltr'><strong>Giton</strong></span> <span class='ocrx_word' id='word_1_39' title='bbox 309 986 396 1066; x_wconf 92' lang='lat' dir='ltr'>longe</span> <span class='ocrx_word' id='word_1_40' title='bbox 410 986 545 1048; x_wconf 90' lang='lat' dir='ltr'>blandior</span> <span class='ocrx_word' id='word_1_41' title='bbox 558 1006 645 1066; x_wconf 91' lang='lat' dir='ltr'>quam</span> <span class='ocrx_word' id='word_1_42' title='bbox 661 1005 730 1066; x_wconf 92' lang='lat' dir='ltr'>ego,</span> <span class='ocrx_word' id='word_1_43' title='bbox 744 987 873 1067; x_wconf 86' lang='lat' dir='ltr'>primum</span> <span class='ocrx_word' id='word_1_44' title='bbox 888 986 1003 1048; x_wconf 89' lang='lat' dir='ltr'>araneis</span> <span class='ocrx_word' id='word_1_45' title='bbox 1018 987 1082 1048; x_wconf 89' lang='lat' dir='ltr'>oleo</span> <span class='ocrx_word' id='word_1_46' title='bbox 1099 988 1220 1050; x_wconf 86' lang='lat' dir='ltr'>maden-</span> 
     </span>
     <span class='ocr_line' id='line_1_8' title="bbox 128 1084 1220 1168; baseline 0.003 -23"><span class='ocrx_word' id='word_1_47' title='bbox 128 1084 196 1147; x_wconf 82' lang='lat' dir='ltr'>tibus</span> <span class='ocrx_word' id='word_1_48' title='bbox 211 1086 323 1160; x_wconf 77' lang='lat' dir='ltr'>uulnuS,</span> <span class='ocrx_word' id='word_1_49' title='bbox 340 1087 419 1166; x_wconf 94' lang='lat' dir='ltr'>quod</span> <span class='ocrx_word' id='word_1_50' title='bbox 429 1087 459 1148; x_wconf 95' lang='lat' dir='ltr'>in</span> <span class='ocrx_word' id='word_1_51' title='bbox 470 1085 624 1165; x_wconf 86' lang='lat' dir='ltr'>supercilio</span> <span class='ocrx_word' id='word_1_52' title='bbox 635 1085 743 1148; x_wconf 81' lang='lat' dir='ltr'>factum</span> <span class='ocrx_word' id='word_1_53' title='bbox 756 1094 826 1160; x_wconf 88' lang='lat' dir='ltr'>erat,</span> <span class='ocrx_word' id='word_1_54' title='bbox 843 1085 991 1147; x_wconf 74' lang='lat' dir='ltr'>coartavit·</span> <span class='ocrx_word' id='word_1_55' title='bbox 1022 1105 1091 1147; x_wconf 85' lang='lat' dir='ltr'>mox</span> <span class='ocrx_word' id='word_1_56' title='bbox 1103 1087 1220 1168; x_wconf 91' lang='lat' dir='ltr'>palliolo</span> 
     </span>
     <span class='ocr_line' id='line_1_9' title="bbox 129 1184 1221 1265; baseline 0.004 -21"><span class='ocrx_word' id='word_1_57' title='bbox 129 1203 176 1244; x_wconf 92' lang='lat' dir='ltr'>suo</span> <span class='ocrx_word' id='word_1_58' title='bbox 191 1184 340 1248; x_wconf 77' lang='lat' dir='ltr'>laceratam</span> <span class='ocrx_word' id='word_1_59' title='bbox 355 1185 478 1246; x_wconf 87' lang='lat' dir='ltr'>mutavit</span> <span class='ocrx_word' id='word_1_60' title='bbox 491 1192 615 1258; x_wconf 88' lang='lat' dir='ltr'>vestem,</span> <span class='ocrx_word' id='word_1_61' title='bbox 635 1184 843 1265; x_wconf 81' lang='lat' dir='ltr'>amplexusque</span> <span class='ocrx_word' id='word_1_62' title='bbox 857 1185 914 1245; x_wconf 91' lang='lat' dir='ltr'>iam</span> <span class='ocrx_word' id='word_1_63' title='bbox 930 1184 1093 1264; x_wconf 86' lang='lat' dir='ltr'>mitigatum</span> <span class='ocrx_word' id='word_1_64' title='bbox 1111 1187 1221 1248; x_wconf 89' lang='lat' dir='ltr'>osculis</span> 
     </span>
     <span class='ocr_line' id='line_1_10' title="bbox 129 1273 1220 1365; baseline 0.003 -21"><span class='ocrx_word' id='word_1_65' title='bbox 129 1290 253 1363; x_wconf 85' lang='lat' dir='ltr'>tanquam</span> <span class='ocrx_word' id='word_1_66' title='bbox 275 1284 414 1344; x_wconf 86' lang='lat' dir='ltr'>lomentis</span> <span class='ocrx_word' id='word_1_67' title='bbox 433 1302 587 1364; x_wconf 83' lang='lat' dir='ltr'>aggressus</span> <span class='ocrx_word' id='word_1_68' title='bbox 603 1290 649 1343; x_wconf 91' lang='lat' dir='ltr'>est</span> <span class='ocrx_word' id='word_1_69' title='bbox 663 1290 692 1343; x_wconf 89' lang='lat' dir='ltr'>et</span> <span class='ocrx_word' id='word_1_70' title='bbox 703 1273 750 1345; x_wconf 88' lang='lat' dir='ltr'>‘in</span> <span class='ocrx_word' id='word_1_71' title='bbox 764 1273 827 1346; x_wconf 87' lang='lat' dir='ltr'>tua&#39;</span> <span class='ocrx_word' id='word_1_72' title='bbox 839 1282 936 1364; x_wconf 84' lang='lat' dir='ltr'>jnquit</span> <span class='ocrx_word' id='word_1_73' title='bbox 946 1276 1046 1365; x_wconf 86' lang='lat' dir='ltr'>‘pater</span> <span class='ocrx_word' id='word_1_74' title='bbox 1060 1287 1220 1360; x_wconf 82' lang='lat' dir='ltr'>carissime,</span> 
     </span>
     <span class='ocr_line' id='line_1_11' title="bbox 127 1379 1220 1462; baseline 0.005 -21"><span class='ocrx_word' id='word_1_75' title='bbox 127 1381 213 1444; x_wconf 89' lang='lat' dir='ltr'>intua</span> <span class='ocrx_word' id='word_1_76' title='bbox 233 1402 336 1444; x_wconf 91' lang='lat' dir='ltr'>sumus</span> <span class='ocrx_word' id='word_1_77' title='bbox 352 1381 493 1444; x_wconf 88' lang='lat' dir='ltr'>custodia.</span> <span class='ocrx_word' id='word_1_78' title='bbox 524 1379 549 1441; x_wconf 92' lang='lat' dir='ltr'>si</span> <span class='ocrx_word' id='word_1_79' title='bbox 565 1379 669 1441; x_wconf 87' lang='lat' dir='ltr'>Gitona</span> <span class='ocrx_word' id='word_1_80' title='bbox 684 1389 767 1443; x_wconf 87' lang='lat' dir='ltr'>tuum</span> <span class='ocrx_word' id='word_1_81' title='bbox 783 1402 879 1456; x_wconf 91' lang='lat' dir='ltr'>amas,</span> <span class='ocrx_word' id='word_1_82' title='bbox 900 1383 995 1462; x_wconf 88' lang='lat' dir='ltr'>incipe</span> <span class='ocrx_word' id='word_1_83' title='bbox 1010 1383 1083 1445; x_wconf 89' lang='lat' dir='ltr'>velle</span> <span class='ocrx_word' id='word_1_84' title='bbox 1098 1403 1220 1446; x_wconf 84' lang='lat' dir='ltr'>servare.</span> 
     </span>
    </p>

    <p class='ocr_par' dir='ltr' id='par_1_5' title="bbox 86 1479 1223 1662">
     <span class='ocr_line' id='line_1_12' title="bbox 86 1479 1223 1558; baseline 0.005 -18"><span class='ocrx_word' id='word_1_85' title='bbox 86 1491 114 1540; x_wconf 90' lang='grc'>111</span> <span class='ocrx_word' id='word_1_86' title='bbox 129 1482 228 1543; x_wconf 88' lang='lat' dir='ltr'>utinam</span> <span class='ocrx_word' id='word_1_87' title='bbox 248 1501 296 1542; x_wconf 90' lang='lat' dir='ltr'>me</span> <span class='ocrx_word' id='word_1_88' title='bbox 318 1482 414 1543; x_wconf 91' lang='lat' dir='ltr'>solum</span> <span class='ocrx_word' id='word_1_89' title='bbox 436 1481 571 1542; x_wconf 90' lang='lat' dir='ltr'>inimicus</span> <span class='ocrx_word' id='word_1_90' title='bbox 591 1479 667 1558; x_wconf 92' lang='lat' dir='ltr'>ignis</span> <span class='ocrx_word' id='word_1_91' title='bbox 688 1479 818 1541; x_wconf 87' lang='lat' dir='ltr'>hauriret</span> <span class='ocrx_word' id='word_1_92' title='bbox 838 1488 888 1541; x_wconf 89' lang='lat' dir='ltr'>aut</span> <span class='ocrx_word' id='word_1_93' title='bbox 902 1481 1059 1544; x_wconf 89' lang='lat' dir='ltr'>hibernum</span> <span class='ocrx_word' id='word_1_94' title='bbox 1075 1483 1223 1547; x_wconf 88' lang='lat' dir='ltr'>invaderet</span> 
     </span>
     <span class='ocr_line' id='line_1_13' title="bbox 127 1578 1221 1662; baseline 0.003 -21"><span class='ocrx_word' id='word_1_95' title='bbox 127 1599 204 1645; x_wconf 90' lang='lat' dir='ltr'>mare.</span> <span class='ocrx_word' id='word_1_96' title='bbox 231 1601 283 1661; x_wconf 88' lang='lat' dir='ltr'>ego</span> <span class='ocrx_word' id='word_1_97' title='bbox 296 1580 374 1642; x_wconf 89' lang='lat' dir='ltr'>enim</span> <span class='ocrx_word' id='word_1_98' title='bbox 387 1578 519 1640; x_wconf 91' lang='lat' dir='ltr'>omnium</span> <span class='ocrx_word' id='word_1_99' title='bbox 531 1578 673 1639; x_wconf 89' lang='lat' dir='ltr'>scelerum</span> <span class='ocrx_word' id='word_1_100' title='bbox 685 1580 815 1654; x_wconf 88' lang='lat' dir='ltr'>materia,</span> <span class='ocrx_word' id='word_1_101' title='bbox 827 1598 881 1660; x_wconf 88' lang='lat' dir='ltr'>ego</span> <span class='ocrx_word' id='word_1_102' title='bbox 894 1599 996 1644; x_wconf 82' lang='lat' dir='ltr'>caussa</span> <span class='ocrx_word' id='word_1_103' title='bbox 1010 1601 1087 1644; x_wconf 89' lang='lat' dir='ltr'>sum.</span> <span class='ocrx_word' id='word_1_104' title='bbox 1115 1582 1139 1642; x_wconf 94' lang='lat' dir='ltr'>si</span> <span class='ocrx_word' id='word_1_105' title='bbox 1152 1600 1221 1662; x_wconf 91' lang='lat' dir='ltr'>per-</span> 
     </span>
    </p>
   </div>
   <div class='ocr_carea' id='block_1_5' title="bbox 127 1667 672 1812">
    <p class='ocr_par' dir='ltr' id='par_1_6' title="bbox 127 1667 672 1812">
     <span class='ocr_line' id='line_1_14' title="bbox 127 1667 537 1754; baseline -0.01 -14"><span class='ocrx_word' id='word_1_106' title='bbox 127 1680 199 1754; x_wconf 89' lang='lat' dir='ltr'>irem,</span> <span class='ocrx_word' id='word_1_107' title='bbox 215 1679 382 1743; x_wconf 87' lang='lat' dir='ltr'>conveniret</span> <span class='ocrx_word' id='word_1_108' title='bbox 396 1667 537 1740; x_wconf 88' lang='lat' dir='ltr'>inimicis&#39;</span> 
     </span>
     <span class='ocr_line' id='line_1_15' title="bbox 650 1773 672 1812; baseline 0 0"><span class='ocrx_word' id='word_1_109' title='bbox 650 1773 672 1812; x_wconf 77' lang='lat' dir='ltr'>ee</span> 
     </span>
    </p>
   </div>
   <div class='ocr_carea' id='block_1_6' title="bbox 197 1845 1277 1934">
    <p class='ocr_par' dir='ltr' id='par_1_7' title="bbox 197 1845 1277 1934">
     <span class='ocr_line' id='line_1_16' title="bbox 197 1845 1277 1934; baseline 0.004 -22"><span class='ocrx_word' id='word_1_110' title='bbox 197 1845 266 1930; x_wconf 83' lang='lat' dir='ltr'>‘ego</span> <span class='ocrx_word' id='word_1_111' title='bbox 287 1850 330 1912; x_wconf 89' lang='lat' dir='ltr'>sie</span> <span class='ocrx_word' id='word_1_112' title='bbox 348 1868 466 1930; x_wconf 85' lang='lat' dir='ltr'>semper</span> <span class='ocrx_word' id='word_1_113' title='bbox 486 1856 514 1909; x_wconf 91' lang='lat' dir='ltr'>et</span> <span class='ocrx_word' id='word_1_114' title='bbox 535 1846 643 1928; x_wconf 89' lang='lat' dir='ltr'>ubique</span> <span class='ocrx_word' id='word_1_115' title='bbox 662 1849 733 1922; x_wconf 83' lang='lat' dir='ltr'>viri,</span> <span class='ocrx_word' id='word_1_116' title='bbox 757 1858 790 1911; x_wconf 89' lang='lat' dir='ltr'>ut</span> <span class='ocrx_word' id='word_1_117' title='bbox 808 1850 941 1912; x_wconf 89' lang='lat' dir='ltr'>ultimam</span> <span class='ocrx_word' id='word_1_118' title='bbox 963 1869 1110 1934; x_wconf 87' lang='lat' dir='ltr'>quamque</span> <span class='ocrx_word' id='word_1_119' title='bbox 1124 1851 1219 1914; x_wconf 88' lang='lat' dir='ltr'>lucem</span> <span class='ocrx_word' id='word_1_120' title='bbox 1235 1853 1277 1916; x_wconf 87' lang='lat'>99</span> 
     </span>
    </p>
   </div>
   <div class='ocr_carea' id='block_1_7' title="bbox 124 1940 735 2083">
    <p class='ocr_par' dir='ltr' id='par_1_8' title="bbox 124 1940 735 2083">
     <span class='ocr_line' id='line_1_17' title="bbox 124 1940 735 2030; baseline -0.005 -19"><span class='ocrx_word' id='word_1_121' title='bbox 124 1957 249 2030; x_wconf 91' lang='lat' dir='ltr'>tauquam</span> <span class='ocrx_word' id='word_1_122' title='bbox 266 1967 328 2011; x_wconf 93' lang='lat' dir='ltr'>non</span> <span class='ocrx_word' id='word_1_123' title='bbox 342 1949 500 2010; x_wconf 88' lang='lat' dir='ltr'>redituram</span> <span class='ocrx_word' id='word_1_124' title='bbox 516 1940 735 2009; x_wconf 87' lang='lat' dir='ltr'>consumerem’</span> 
     </span>
     <span class='ocr_line' id='line_1_18' title="bbox 653 2045 674 2083; baseline 0 0"><span class='ocrx_word' id='word_1_125' title='bbox 653 2045 674 2083; x_wconf 58' lang='grc' dir='ltr'><strong><em>ἃ</em></strong></span> 
     </span>
    </p>
   </div>
   <div class='ocr_carea' id='block_1_8' title="bbox 82 2119 1221 2499">
    <p class='ocr_par' dir='ltr' id='par_1_9' title="bbox 82 2119 1221 2499">
     <span class='ocr_line' id='line_1_19' title="bbox 82 2119 1221 2202; baseline 0.006 -24"><span class='ocrx_word' id='word_1_126' title='bbox 82 2129 108 2178; x_wconf 82' lang='grc'><strong>15</strong></span> <span class='ocrx_word' id='word_1_127' title='bbox 200 2121 330 2202; x_wconf 81' lang='lat' dir='ltr'>profusis</span> <span class='ocrx_word' id='word_1_128' title='bbox 349 2139 403 2200; x_wconf 89' lang='lat' dir='ltr'>ego</span> <span class='ocrx_word' id='word_1_129' title='bbox 421 2119 549 2180; x_wconf 83' lang='lat' dir='ltr'>lacrimis</span> <span class='ocrx_word' id='word_1_130' title='bbox 567 2137 642 2198; x_wconf 90' lang='lat' dir='ltr'>rogo</span> <span class='ocrx_word' id='word_1_131' title='bbox 657 2139 842 2200; x_wconf 86' lang='lat' dir='ltr'>quaesoque,</span> <span class='ocrx_word' id='word_1_132' title='bbox 861 2129 895 2184; x_wconf 89' lang='lat' dir='ltr'>ut</span> <span class='ocrx_word' id='word_1_133' title='bbox 910 2139 1025 2184; x_wconf 88' lang='lat' dir='ltr'>meeum</span> <span class='ocrx_word' id='word_1_134' title='bbox 1041 2140 1159 2202; x_wconf 93' lang='lat' dir='ltr'>quoque</span> <span class='ocrx_word' id='word_1_135' title='bbox 1173 2139 1221 2184; x_wconf 90' lang='lat' dir='ltr'>re-</span> 
     </span>
     <span class='ocr_line' id='line_1_20' title="bbox 123 2217 1221 2301; baseline 0.002 -21"><span class='ocrx_word' id='word_1_136' title='bbox 123 2219 183 2282; x_wconf 90' lang='lat' dir='ltr'>deat</span> <span class='ocrx_word' id='word_1_137' title='bbox 195 2222 227 2282; x_wconf 92' lang='lat' dir='ltr'>in</span> <span class='ocrx_word' id='word_1_138' title='bbox 241 2221 378 2300; x_wconf 83' lang='lat' dir='ltr'>gratiam:</span> <span class='ocrx_word' id='word_1_139' title='bbox 398 2237 493 2299; x_wconf 89' lang='lat' dir='ltr'>neque</span> <span class='ocrx_word' id='word_1_140' title='bbox 511 2217 588 2278; x_wconf 89' lang='lat' dir='ltr'>enim</span> <span class='ocrx_word' id='word_1_141' title='bbox 608 2217 639 2277; x_wconf 91' lang='lat' dir='ltr'>in</span> <span class='ocrx_word' id='word_1_142' title='bbox 660 2219 819 2281; x_wconf 88' lang='lat' dir='ltr'>amantium</span> <span class='ocrx_word' id='word_1_143' title='bbox 835 2240 902 2282; x_wconf 89' lang='lat' dir='ltr'>csse</span> <span class='ocrx_word' id='word_1_144' title='bbox 917 2229 1063 2301; x_wconf 87' lang='lat' dir='ltr'>potestate</span> <span class='ocrx_word' id='word_1_145' title='bbox 1078 2221 1221 2283; x_wconf 79' lang='lat' dir='ltr'>furiosam</span> 
     </span>
     <span class='ocr_line' id='line_1_21' title="bbox 122 2319 1221 2397; baseline 0.003 -18"><span class='ocrx_word' id='word_1_146' title='bbox 122 2320 347 2382; x_wconf 86' lang='lat' dir='ltr'>aermdationem.</span> <span class='ocrx_word' id='word_1_147' title='bbox 377 2319 512 2380; x_wconf 86' lang='lat' dir='ltr'>daturum</span> <span class='ocrx_word' id='word_1_148' title='bbox 531 2325 786 2397; x_wconf 70' lang='lat' dir='ltr'>manoperam,</span> <span class='ocrx_word' id='word_1_149' title='bbox 808 2337 846 2380; x_wconf 89' lang='lat' dir='ltr'>ne</span> <span class='ocrx_word' id='word_1_150' title='bbox 865 2327 915 2381; x_wconf 92' lang='lat' dir='ltr'>aut</span> <span class='ocrx_word' id='word_1_151' title='bbox 936 2321 1031 2382; x_wconf 87' lang='lat' dir='ltr'>dicam</span> <span class='ocrx_word' id='word_1_152' title='bbox 1052 2328 1103 2382; x_wconf 88' lang='lat' dir='ltr'>aut</span> <span class='ocrx_word' id='word_1_153' title='bbox 1116 2321 1221 2382; x_wconf 81' lang='lat' dir='ltr'>faciam</span> 
     </span>
     <span class='ocr_line' id='line_1_22' title="bbox 121 2415 1221 2499; baseline 0.004 -23"><span class='ocrx_word' id='word_1_154' title='bbox 121 2417 254 2498; x_wconf 90' lang='lat' dir='ltr'>amplius,</span> <span class='ocrx_word' id='word_1_155' title='bbox 273 2437 332 2498; x_wconf 90' lang='lat' dir='ltr'>quo</span> <span class='ocrx_word' id='word_1_156' title='bbox 349 2419 445 2499; x_wconf 90' lang='lat' dir='ltr'>possit</span> <span class='ocrx_word' id='word_1_157' title='bbox 464 2415 580 2476; x_wconf 78' lang='lat' dir='ltr'>otiandi.</span> <span class='ocrx_word' id='word_1_158' title='bbox 610 2425 726 2477; x_wconf 79' lang='lat' dir='ltr'>tanturm</span> <span class='ocrx_word' id='word_1_159' title='bbox 746 2434 866 2478; x_wconf 89' lang='lat' dir='ltr'>omnem</span> <span class='ocrx_word' id='word_1_160' title='bbox 887 2418 1114 2480; x_wconf 84' lang='lat' dir='ltr'>scabritudinem</span> <span class='ocrx_word' id='word_1_161' title='bbox 1131 2419 1221 2480; x_wconf 89' lang='lat' dir='ltr'>animi</span> 
     </span>
    </p>
   </div>
   <div class='ocr_carea' id='block_1_9' title="bbox 79 2508 1221 2696">
    <p class='ocr_par' dir='ltr' id='par_1_10' title="bbox 79 2508 1221 2696">
     <span class='ocr_line' id='line_1_23' title="bbox 120 2508 1221 2597; baseline 0 -20"><span class='ocrx_word' id='word_1_162' title='bbox 120 2523 250 2597; x_wconf 85' lang='lat' dir='ltr'>tanquam</span> <span class='ocrx_word' id='word_1_163' title='bbox 266 2517 411 2578; x_wconf 88' lang='lat' dir='ltr'>bonamm</span> <span class='ocrx_word' id='word_1_164' title='bbox 432 2515 539 2579; x_wconf 81' lang='lat' dir='ltr'>artium</span> <span class='ocrx_word' id='word_1_165' title='bbox 560 2515 700 2594; x_wconf 87' lang='lat' dir='ltr'>magister</span> <span class='ocrx_word' id='word_1_166' title='bbox 719 2516 828 2577; x_wconf 88' lang='lat' dir='ltr'>deleret</span> <span class='ocrx_word' id='word_1_167' title='bbox 842 2515 906 2576; x_wconf 86' lang='lat' dir='ltr'>sine</span> <span class='ocrx_word' id='word_1_168' title='bbox 920 2516 1061 2577; x_wconf 85' lang='lat' dir='ltr'>cicatrice.</span> <span class='ocrx_word' id='word_1_169' title='bbox 1088 2508 1221 2578; x_wconf 84' lang='lat' dir='ltr'>‘incultis</span> 
     </span>
     <span class='ocr_line' id='line_1_24' title="bbox 79 2614 1220 2696; baseline -0.004 -16"><span class='ocrx_word' id='word_1_170' title='bbox 79 2630 105 2680; x_wconf 83' lang='lat'>20</span> <span class='ocrx_word' id='word_1_171' title='bbox 121 2617 288 2696; x_wconf 85' lang='lat' dir='ltr'>asperisque</span> <span class='ocrx_word' id='word_1_172' title='bbox 306 2614 474 2696; x_wconf 84' lang='lat' dir='ltr'>regionibus</span> <span class='ocrx_word' id='word_1_173' title='bbox 493 2614 601 2675; x_wconf 90' lang='lat' dir='ltr'>diutius</span> <span class='ocrx_word' id='word_1_174' title='bbox 621 2614 703 2675; x_wconf 82' lang='lat' dir='ltr'>nives</span> <span class='ocrx_word' id='word_1_175' title='bbox 723 2615 859 2688; x_wconf 87' lang='lat' dir='ltr'>haerent,</span> <span class='ocrx_word' id='word_1_176' title='bbox 878 2621 925 2676; x_wconf 88' lang='lat' dir='ltr'>ast</span> <span class='ocrx_word' id='word_1_177' title='bbox 944 2614 994 2676; x_wconf 89' lang='lat' dir='ltr'>ubi</span> <span class='ocrx_word' id='word_1_178' title='bbox 1005 2620 1102 2676; x_wconf 89' lang='lat' dir='ltr'>aratro</span> <span class='ocrx_word' id='word_1_179' title='bbox 1117 2614 1220 2676; x_wconf 88' lang='lat' dir='ltr'>dorne-</span> 
     </span>
    </p>
   </div>
   <div class='ocr_carea' id='block_1_10' title="bbox 119 2788 1224 3375">
    <p class='ocr_par' dir='ltr' id='par_1_11' title="bbox 119 2788 1223 2929">
     <span class='ocr_line' id='line_1_25' title="bbox 119 2788 1222 2855; baseline 0 -15"><span class='ocrx_word' id='word_1_180' title='bbox 119 2807 149 2840; x_wconf 78' lang='lat' dir='ltr'>cu</span> <span class='ocrx_word' id='word_1_181' title='bbox 159 2793 255 2841; x_wconf 79' lang='lat' dir='ltr'>saluere</span> <span class='ocrx_word' id='word_1_182' title='bbox 267 2791 292 2839; x_wconf 90' lang='lat' dir='ltr'><em>L</em></span> <span class='ocrx_word' id='word_1_183' title='bbox 363 2791 456 2840; x_wconf 86' lang='lat' dir='ltr'>Guiton</span> <span class='ocrx_word' id='word_1_184' title='bbox 468 2791 514 2842; x_wconf 72' lang='lat' dir='ltr'>aed</span> <span class='ocrx_word' id='word_1_185' title='bbox 526 2793 554 2840; x_wconf 83' lang='lat' dir='ltr'>in</span> <span class='ocrx_word' id='word_1_186' title='bbox 565 2791 682 2855; x_wconf 71' lang='lat' dir='ltr'>margine</span> <span class='ocrx_word' id='word_1_187' title='bbox 694 2789 804 2840; x_wconf 84' lang='lat' dir='ltr'>Guitona</span> <span class='ocrx_word' id='word_1_188' title='bbox 813 2788 838 2838; x_wconf 92' lang='lat' dir='ltr'><em>L</em></span> <span class='ocrx_word' id='word_1_189' title='bbox 909 2789 977 2840; x_wconf 84' lang='lat' dir='ltr'>mulo</span> <span class='ocrx_word' id='word_1_190' title='bbox 989 2789 1125 2854; x_wconf 78' lang='lat' dir='ltr'>transponi</span> <span class='ocrx_word' id='word_1_191' title='bbox 1136 2797 1161 2840; x_wconf 83' lang='lat' dir='ltr'>et</span> <span class='ocrx_word' id='word_1_192' title='bbox 1172 2791 1222 2840; x_wconf 83' lang='lat' dir='ltr'>iam</span> 
     </span>
     <span class='ocr_line' id='line_1_26' title="bbox 119 2860 1223 2929; baseline 0.003 -19"><span class='ocrx_word' id='word_1_193' title='bbox 119 2871 211 2912; x_wconf 83' lang='lat' dir='ltr'>remote</span> <span class='ocrx_word' id='word_1_194' title='bbox 295 2863 396 2912; x_wconf 86' lang='lat' dir='ltr'>culcitra</span> <span class='ocrx_word' id='word_1_195' title='bbox 408 2863 432 2911; x_wconf 88' lang='lat' dir='ltr'><em>L</em></span> <span class='ocrx_word' id='word_1_196' title='bbox 516 2864 632 2929; x_wconf 75' lang='lat' dir='ltr'>Vlyssem</span> <span class='ocrx_word' id='word_1_197' title='bbox 644 2861 669 2912; x_wconf 92' lang='lat' dir='ltr'><em>L</em></span> <span class='ocrx_word' id='word_1_198' title='bbox 755 2863 795 2910; x_wconf 88' lang='lat' dir='ltr'>uel</span> <span class='ocrx_word' id='word_1_199' title='bbox 809 2868 855 2924; x_wconf 82' lang='lat' dir='ltr'>pt:</span> <span class='ocrx_word' id='word_1_200' title='bbox 874 2867 899 2910; x_wconf 92' lang='lat' dir='ltr'>et</span> <span class='ocrx_word' id='word_1_201' title='bbox 911 2860 944 2926; x_wconf 83' lang='lat' dir='ltr'>L,</span> <span class='ocrx_word' id='word_1_202' title='bbox 963 2863 1038 2911; x_wconf 88' lang='lat' dir='ltr'>etiam</span> <span class='ocrx_word' id='word_1_203' title='bbox 1051 2861 1223 2913; x_wconf 73' lang='lat' dir='ltr'>dlcaumianm</span> 
     </span>
    </p>

    <p class='ocr_par' dir='ltr' id='par_1_12' title="bbox 119 2932 1224 3375">
     <span class='ocr_line' id='line_1_27' title="bbox 188 2932 1223 3000; baseline 0.001 -17"><span class='ocrx_word' id='word_1_204' title='bbox 188 2939 201 2983; x_wconf 92' lang='grc'><strong>1</strong></span> <span class='ocrx_word' id='word_1_205' title='bbox 223 2934 298 2984; x_wconf 79' lang='lat' dir='ltr'>immo</span> <span class='ocrx_word' id='word_1_206' title='bbox 315 2935 433 2983; x_wconf 82' lang='lat' dir='ltr'>uoluisset</span> <span class='ocrx_word' id='word_1_207' title='bbox 539 2938 555 2983; x_wconf 78' lang='lat'>2</span> <span class='ocrx_word' id='word_1_208' title='bbox 575 2932 665 3000; x_wconf 84' lang='lat' dir='ltr'>dicere]</span> <span class='ocrx_word' id='word_1_209' title='bbox 681 2947 734 2998; x_wconf 80' lang='lat' dir='ltr'>per</span> <span class='ocrx_word' id='word_1_210' title='bbox 750 2933 960 2983; x_wconf 77' lang='lat' dir='ltr'>exclanmtionem</span> <span class='ocrx_word' id='word_1_211' title='bbox 979 2941 997 2996; x_wconf 94' lang='lat' dir='ltr'>t,</span> <span class='ocrx_word' id='word_1_212' title='bbox 1011 2949 1063 2997; x_wconf 79' lang='lat' dir='ltr'>per</span> <span class='ocrx_word' id='word_1_213' title='bbox 1079 2934 1223 3000; x_wconf 68' lang='lat' dir='ltr'>inoewoqa-</span> 
     </span>
     <span class='ocr_line' id='line_1_28' title="bbox 120 3005 1222 3071; baseline -0.002 -15"><span class='ocrx_word' id='word_1_214' title='bbox 120 3006 208 3056; x_wconf 85' lang='lat' dir='ltr'>tionem</span> <span class='ocrx_word' id='word_1_215' title='bbox 226 3007 270 3071; x_wconf 83' lang='lat' dir='ltr'>Lp</span> <span class='ocrx_word' id='word_1_216' title='bbox 288 3005 397 3070; x_wconf 72' lang='lat' dir='ltr'>efferunt</span> <span class='ocrx_word' id='word_1_217' title='bbox 503 3007 518 3055; x_wconf 77' lang='grc'>3</span> <span class='ocrx_word' id='word_1_218' title='bbox 537 3008 588 3055; x_wconf 84' lang='lat' dir='ltr'>imo</span> <span class='ocrx_word' id='word_1_219' title='bbox 605 3005 631 3054; x_wconf 98' lang='lat' dir='ltr'><em>L</em></span> <span class='ocrx_word' id='word_1_220' title='bbox 739 3008 756 3053; x_wconf 76' lang='lat'>4</span> <span class='ocrx_word' id='word_1_221' title='bbox 775 3013 899 3069; x_wconf 83' lang='lat' dir='ltr'>quattuor</span> <span class='ocrx_word' id='word_1_222' title='bbox 916 3005 1050 3055; x_wconf 67' lang='lat' dir='ltr'>atterimur</span> <span class='ocrx_word' id='word_1_223' title='bbox 1067 3005 1161 3056; x_wconf 68' lang='lat' dir='ltr'>luberet</span> <span class='ocrx_word' id='word_1_224' title='bbox 1179 3006 1222 3070; x_wconf 88' lang='lat' dir='ltr'>Lt,</span> 
     </span>
     <span class='ocr_line' id='line_1_29' title="bbox 119 3076 1224 3143; baseline 0.002 -17"><span class='ocrx_word' id='word_1_225' title='bbox 119 3095 231 3143; x_wconf 81' lang='lat' dir='ltr'>unump</span> <span class='ocrx_word' id='word_1_226' title='bbox 375 3077 511 3130; x_wconf 83' lang='lat' dir='ltr'>5Guitou,</span> <span class='ocrx_word' id='word_1_227' title='bbox 536 3079 611 3141; x_wconf 82' lang='lat' dir='ltr'>longe</span> <span class='ocrx_word' id='word_1_228' title='bbox 635 3076 672 3126; x_wconf 72' lang='lat' dir='ltr'>sic</span> <span class='ocrx_word' id='word_1_229' title='bbox 695 3076 879 3142; x_wconf 66' lang='lat' dir='ltr'>inteqrunpem</span> <span class='ocrx_word' id='word_1_230' title='bbox 897 3077 921 3125; x_wconf 88' lang='lat' dir='ltr'><em>L</em></span> <span class='ocrx_word' id='word_1_231' title='bbox 945 3085 976 3128; x_wconf 82' lang='lat' dir='ltr'>ut</span> <span class='ocrx_word' id='word_1_232' title='bbox 990 3093 1082 3128; x_wconf 77' lang='lat' dir='ltr'>norrea</span> <span class='ocrx_word' id='word_1_233' title='bbox 1099 3078 1224 3128; x_wconf 78' lang='lat' dir='ltr'>uideatur</span> 
     </span>
     <span class='ocr_line' id='line_1_30' title="bbox 119 3148 1223 3216; baseline 0 -16"><span class='ocrx_word' id='word_1_234' title='bbox 119 3151 317 3216; x_wconf 62' lang='lat' dir='ltr'>supplecantium</span> <span class='ocrx_word' id='word_1_235' title='bbox 435 3153 448 3198; x_wconf 79' lang='lat' dir='ltr'>l</span> <span class='ocrx_word' id='word_1_236' title='bbox 468 3151 609 3213; x_wconf 69' lang='lat' dir='ltr'>mitigmum</span> <span class='ocrx_word' id='word_1_237' title='bbox 627 3148 709 3212; x_wconf 82' lang='lat' dir='ltr'>LTp:</span> <span class='ocrx_word' id='word_1_238' title='bbox 727 3149 789 3198; x_wconf 86' lang='lat' dir='ltr'>ruihi</span> <span class='ocrx_word' id='word_1_239' title='bbox 807 3157 905 3212; x_wconf 83' lang='lat' dir='ltr'>gratnm</span> <span class='ocrx_word' id='word_1_240' title='bbox 925 3157 942 3213; x_wconf 87' lang='lat' dir='ltr'>t,</span> <span class='ocrx_word' id='word_1_241' title='bbox 960 3151 1078 3214; x_wconf 80' lang='lat' dir='ltr'>amplexu</span> <span class='ocrx_word' id='word_1_242' title='bbox 1096 3159 1121 3200; x_wconf 83' lang='lat' dir='ltr'>et</span> <span class='ocrx_word' id='word_1_243' title='bbox 1137 3159 1223 3214; x_wconf 73' lang='lat' dir='ltr'>gratus</span> 
     </span>
     <span class='ocr_line' id='line_1_31' title="bbox 119 3220 1223 3288; baseline 0 -18"><span class='ocrx_word' id='word_1_244' title='bbox 119 3239 204 3288; x_wconf 75' lang='lat' dir='ltr'>margo</span> <span class='ocrx_word' id='word_1_245' title='bbox 223 3231 233 3271; x_wconf 91' lang='lat' dir='ltr'>t</span> <span class='ocrx_word' id='word_1_246' title='bbox 344 3223 359 3270; x_wconf 84' lang='lat'><em>8</em></span> <span class='ocrx_word' id='word_1_247' title='bbox 378 3222 510 3285; x_wconf 77' lang='lat' dir='ltr'>adgressus</span> <span class='ocrx_word' id='word_1_248' title='bbox 523 3237 546 3285; x_wconf 82' lang='lat' dir='ltr'>p</span> <span class='ocrx_word' id='word_1_249' title='bbox 663 3224 678 3269; x_wconf 82' lang='grc'><strong>9</strong></span> <span class='ocrx_word' id='word_1_250' title='bbox 698 3220 807 3270; x_wconf 79' lang='lat' dir='ltr'>Gniteua</span> <span class='ocrx_word' id='word_1_251' title='bbox 826 3221 850 3269; x_wconf 88' lang='lat' dir='ltr'><em>L</em></span> <span class='ocrx_word' id='word_1_252' title='bbox 968 3223 1001 3271; x_wconf 84' lang='lat'>10</span> <span class='ocrx_word' id='word_1_253' title='bbox 1019 3237 1083 3272; x_wconf 81' lang='lat' dir='ltr'>num</span> <span class='ocrx_word' id='word_1_254' title='bbox 1100 3223 1158 3270; x_wconf 79' lang='lat' dir='ltr'>solis</span> <span class='ocrx_word' id='word_1_255' title='bbox 1176 3223 1223 3271; x_wconf 89' lang='lat' dir='ltr'>ini-</span> 
     </span>
     <span class='ocr_line' id='line_1_32' title="bbox 119 3297 1223 3375; baseline -0.003 -15"><span class='ocrx_word' id='word_1_256' title='bbox 119 3310 188 3360; x_wconf 75' lang='lat' dir='ltr'>cus?</span> <span class='ocrx_word' id='word_1_257' title='bbox 296 3318 339 3360; x_wconf 88' lang='lat' dir='ltr'>aut</span> <span class='ocrx_word' id='word_1_258' title='bbox 356 3327 445 3375; x_wconf 79' lang='lat' dir='ltr'>margo</span> <span class='ocrx_word' id='word_1_259' title='bbox 464 3309 501 3359; x_wconf 90' lang='lat' dir='ltr'>L:</span> <span class='ocrx_word' id='word_1_260' title='bbox 519 3297 551 3358; x_wconf 73' lang='lat' dir='ltr'>ui</span> <span class='ocrx_word' id='word_1_261' title='bbox 564 3309 597 3372; x_wconf 89' lang='lat' dir='ltr'>L,</span> <span class='ocrx_word' id='word_1_262' title='bbox 617 3317 641 3359; x_wconf 82' lang='lat' dir='ltr'>et</span> <span class='ocrx_word' id='word_1_263' title='bbox 660 3311 756 3358; x_wconf 85' lang='lat' dir='ltr'>utinam</span> <span class='ocrx_word' id='word_1_264' title='bbox 774 3315 795 3372; x_wconf 81' lang='lat' dir='ltr'>t,</span> <span class='ocrx_word' id='word_1_265' title='bbox 817 3311 948 3374; x_wconf 80' lang='lat' dir='ltr'>utiuamp</span> <span class='ocrx_word' id='word_1_266' title='bbox 1054 3310 1187 3357; x_wconf 84' lang='lat' dir='ltr'>hibernum</span> <span class='ocrx_word' id='word_1_267' title='bbox 1205 3316 1223 3372; x_wconf 85' lang='lat' dir='ltr'>t,</span> 
     </span>
    </p>
   </div>
   <div class='ocr_carea' id='block_1_11' title="bbox 118 3393 1224 3486">
    <p class='ocr_par' dir='ltr' id='par_1_13' title="bbox 118 3393 1224 3486">
     <span class='ocr_line' id='line_1_33' title="bbox 118 3393 1224 3486; baseline -0.002 -36"><span class='ocrx_word' id='word_1_268' title='bbox 118 3393 257 3486; x_wconf 55' lang='lat' dir='ltr'>hiberiim</span> <span class='ocrx_word' id='word_1_269' title='bbox 276 3401 317 3449; x_wconf 82' lang='lat' dir='ltr'>L.-</span> <span class='ocrx_word' id='word_1_270' title='bbox 334 3402 449 3450; x_wconf 82' lang='lat' dir='ltr'>hiberum</span> <span class='ocrx_word' id='word_1_271' title='bbox 470 3399 518 3464; x_wconf 84' lang='lat' dir='ltr'>Tp,</span> <span class='ocrx_word' id='word_1_272' title='bbox 536 3407 610 3450; x_wconf 68' lang='lat' dir='ltr'>neum</span> <span class='ocrx_word' id='word_1_273' title='bbox 627 3398 730 3450; x_wconf 71' lang='lat' dir='ltr'>Pitheci</span> <span class='ocrx_word' id='word_1_274' title='bbox 873 3401 905 3447; x_wconf 92' lang='grc'>11</span> <span class='ocrx_word' id='word_1_275' title='bbox 926 3413 1015 3448; x_wconf 69' lang='lat' dir='ltr'>caum</span> <span class='ocrx_word' id='word_1_276' title='bbox 1031 3413 1088 3448; x_wconf 84' lang='lat' dir='ltr'>sum</span> <span class='ocrx_word' id='word_1_277' title='bbox 1106 3413 1173 3450; x_wconf 84' lang='lat' dir='ltr'>corr.</span> <span class='ocrx_word' id='word_1_278' title='bbox 1191 3413 1224 3448; x_wconf 76' lang='lat' dir='ltr'>ea·</span> 
     </span>
    </p>
   </div>
   <div class='ocr_carea' id='block_1_12' title="bbox 114 3485 1226 4272">
    <p class='ocr_par' dir='ltr' id='par_1_14' title="bbox 114 3485 1226 3840">
     <span class='ocr_line' id='line_1_34' title="bbox 120 3485 1224 3552; baseline -0.003 -13"><span class='ocrx_word' id='word_1_279' title='bbox 120 3505 261 3541; x_wconf 78' lang='lat' dir='ltr'>caussarum</span> <span class='ocrx_word' id='word_1_280' title='bbox 278 3487 303 3539; x_wconf 88' lang='lat' dir='ltr'><em>L</em></span> <span class='ocrx_word' id='word_1_281' title='bbox 412 3492 444 3537; x_wconf 79' lang='lat'>12</span> <span class='ocrx_word' id='word_1_282' title='bbox 463 3491 550 3538; x_wconf 76' lang='lat' dir='ltr'>amieis</span> <span class='ocrx_word' id='word_1_283' title='bbox 569 3487 709 3538; x_wconf 75' lang='lat' dir='ltr'>Goldastm</span> <span class='ocrx_word' id='word_1_284' title='bbox 815 3486 937 3537; x_wconf 68' lang='lat' dir='ltr'>umnam</span> <span class='ocrx_word' id='word_1_285' title='bbox 960 3486 1108 3552; x_wconf 69' lang='lat' dir='ltr'>eiqaiticunt</span> <span class='ocrx_word' id='word_1_286' title='bbox 1125 3485 1224 3536; x_wconf 69' lang='lat' dir='ltr'>duobus</span> 
     </span>
     <span class='ocr_line' id='line_1_35' title="bbox 120 3557 1224 3624; baseline -0.003 -14"><span class='ocrx_word' id='word_1_287' title='bbox 120 3561 247 3613; x_wconf 54' lang='lat' dir='ltr'>meroes</span> <span class='ocrx_word' id='word_1_288' title='bbox 264 3560 321 3624; x_wconf 73' lang='lat' dir='ltr'>up,</span> <span class='ocrx_word' id='word_1_289' title='bbox 340 3559 422 3609; x_wconf 71' lang='lat' dir='ltr'>tribue</span> <span class='ocrx_word' id='word_1_290' title='bbox 441 3567 458 3612; x_wconf 87' lang='lat' dir='ltr'>t.</span> <span class='ocrx_word' id='word_1_291' title='bbox 495 3568 548 3609; x_wconf 81' lang='lat' dir='ltr'>tum</span> <span class='ocrx_word' id='word_1_292' title='bbox 566 3577 700 3610; x_wconf 66' lang='lat' dir='ltr'>prunum</span> <span class='ocrx_word' id='word_1_293' title='bbox 717 3559 745 3609; x_wconf 81' lang='lat' dir='ltr'>in</span> <span class='ocrx_word' id='word_1_294' title='bbox 764 3565 883 3608; x_wconf 70' lang='lat' dir='ltr'>contem</span> <span class='ocrx_word' id='word_1_295' title='bbox 901 3557 1039 3610; x_wconf 74' lang='lat' dir='ltr'>uerborum</span> <span class='ocrx_word' id='word_1_296' title='bbox 1056 3559 1089 3620; x_wconf 89' lang='lat' dir='ltr'>L,</span> <span class='ocrx_word' id='word_1_297' title='bbox 1108 3557 1137 3607; x_wconf 81' lang='lat' dir='ltr'>iu</span> <span class='ocrx_word' id='word_1_298' title='bbox 1154 3575 1224 3608; x_wconf 80' lang='lat' dir='ltr'>mur-</span> 
     </span>
     <span class='ocr_line' id='line_1_36' title="bbox 119 3630 1226 3700; baseline -0.005 -16"><span class='ocrx_word' id='word_1_299' title='bbox 119 3634 172 3696; x_wconf 77' lang='lat' dir='ltr'>pine</span> <span class='ocrx_word' id='word_1_300' title='bbox 185 3643 220 3700; x_wconf 82' lang='lat' dir='ltr'>pt</span> <span class='ocrx_word' id='word_1_301' title='bbox 345 3635 378 3681; x_wconf 77' lang='lat'>1³</span> <span class='ocrx_word' id='word_1_302' title='bbox 397 3631 465 3682; x_wconf 78' lang='lat' dir='ltr'>hunc</span> <span class='ocrx_word' id='word_1_303' title='bbox 481 3632 631 3681; x_wconf 65' lang='lat' dir='ltr'>munatium</span> <span class='ocrx_word' id='word_1_304' title='bbox 650 3632 843 3696; x_wconf 53' lang='lat' dir='ltr'>descripserunt</span> <span class='ocrx_word' id='word_1_305' title='bbox 865 3630 1013 3682; x_wconf 76' lang='lat' dir='ltr'>l&#39;inoeute‘au</span> <span class='ocrx_word' id='word_1_306' title='bbox 1031 3630 1107 3681; x_wconf 80' lang='lat' dir='ltr'>Belu.</span> <span class='ocrx_word' id='word_1_307' title='bbox 1125 3630 1142 3679; x_wconf 87' lang='lat' dir='ltr'>l.</span> <span class='ocrx_word' id='word_1_308' title='bbox 1160 3647 1181 3680; x_wconf 77' lang='lat' dir='ltr'>a.</span> <span class='ocrx_word' id='word_1_309' title='bbox 1200 3638 1226 3680; x_wconf 84' lang='lat' dir='ltr'>et</span> 
     </span>
     <span class='ocr_line' id='line_1_37' title="bbox 114 3701 1224 3772; baseline -0.002 -18"><span class='ocrx_word' id='word_1_310' title='bbox 114 3705 268 3772; x_wconf 69' lang='lat' dir='ltr'>flantequum</span> <span class='ocrx_word' id='word_1_311' title='bbox 285 3704 437 3754; x_wconf 76' lang='lat' dir='ltr'>Pur-irinum</span> <span class='ocrx_word' id='word_1_312' title='bbox 526 3720 587 3767; x_wconf 81' lang='lat' dir='ltr'>ergo</span> <span class='ocrx_word' id='word_1_313' title='bbox 606 3721 686 3753; x_wconf 82' lang='lat' dir='ltr'>unum</span> <span class='ocrx_word' id='word_1_314' title='bbox 698 3702 831 3767; x_wconf 73' lang='lat' dir='ltr'>exemplar</span> <span class='ocrx_word' id='word_1_315' title='bbox 845 3701 973 3752; x_wconf 76' lang='lat' dir='ltr'>Vincentii</span> <span class='ocrx_word' id='word_1_316' title='bbox 1062 3719 1179 3766; x_wconf 82' lang='lat' dir='ltr'>quauque</span> <span class='ocrx_word' id='word_1_317' title='bbox 1192 3703 1224 3767; x_wconf 87' lang='lat' dir='ltr'>L,</span> 
     </span>
     <span class='ocr_line' id='line_1_38' title="bbox 126 3775 1102 3840; baseline -0.001 -17"><span class='ocrx_word' id='word_1_318' title='bbox 126 3775 270 3828; x_wconf 72' lang='lat' dir='ltr'>Vincentius</span> <span class='ocrx_word' id='word_1_319' title='bbox 415 3779 448 3824; x_wconf 81' lang='grc'><strong>14</strong></span> <span class='ocrx_word' id='word_1_320' title='bbox 466 3783 591 3840; x_wconf 74' lang='lat' dir='ltr'>quattuor</span> <span class='ocrx_word' id='word_1_321' title='bbox 608 3783 692 3826; x_wconf 72' lang='lat' dir='ltr'>tresue</span> <span class='ocrx_word' id='word_1_322' title='bbox 709 3775 844 3824; x_wconf 68' lang='lat' dir='ltr'>celerima</span> <span class='ocrx_word' id='word_1_323' title='bbox 861 3775 1031 3838; x_wconf 69' lang='lat' dir='ltr'>interposuerat</span> <span class='ocrx_word' id='word_1_324' title='bbox 1048 3776 1102 3839; x_wconf 81' lang='lat' dir='ltr'>Lpt</span> 
     </span>
    </p>

    <p class='ocr_par' dir='ltr' id='par_1_15' title="bbox 120 3847 1226 4272">
     <span class='ocr_line' id='line_1_39' title="bbox 123 3847 1226 3914; baseline 0.001 -19"><span class='ocrx_word' id='word_1_325' title='bbox 123 3851 152 3896; x_wconf 86' lang='lat'>15</span> <span class='ocrx_word' id='word_1_326' title='bbox 168 3850 285 3914; x_wconf 65' lang='lat' dir='ltr'>lacrymis</span> <span class='ocrx_word' id='word_1_327' title='bbox 303 3848 329 3896; x_wconf 93' lang='lat' dir='ltr'><em>L</em></span> <span class='ocrx_word' id='word_1_328' title='bbox 455 3852 486 3896; x_wconf 82' lang='lat' dir='ltr'>lt</span> <span class='ocrx_word' id='word_1_329' title='bbox 507 3847 643 3912; x_wconf 56' lang='lat' dir='ltr'>lwendm</span> <span class='ocrx_word' id='word_1_330' title='bbox 660 3850 776 3896; x_wconf 80' lang='lat' dir='ltr'>datumm</span> <span class='ocrx_word' id='word_1_331' title='bbox 793 3862 834 3896; x_wconf 85' lang='lat' dir='ltr'>rue</span> <span class='ocrx_word' id='word_1_332' title='bbox 962 3849 994 3896; x_wconf 75' lang='lat'>18</span> <span class='ocrx_word' id='word_1_333' title='bbox 1012 3857 1110 3896; x_wconf 79' lang='lat' dir='ltr'>tautum</span> <span class='ocrx_word' id='word_1_334' title='bbox 1124 3854 1171 3910; x_wconf 80' lang='lat' dir='ltr'>pt:</span> <span class='ocrx_word' id='word_1_335' title='bbox 1188 3853 1226 3896; x_wconf 79' lang='lat' dir='ltr'>ta·</span> 
     </span>
     <span class='ocr_line' id='line_1_40' title="bbox 122 3916 1155 3972; baseline -0.001 -5"><span class='ocrx_word' id='word_1_336' title='bbox 122 3935 173 3970; x_wconf 84' lang='lat' dir='ltr'>meu</span> <span class='ocrx_word' id='word_1_337' title='bbox 182 3921 208 3971; x_wconf 92' lang='lat' dir='ltr'><em>L</em></span> <span class='ocrx_word' id='word_1_338' title='bbox 295 3921 474 3968; x_wconf 77' lang='lat' dir='ltr'>scabitudinem</span> <span class='ocrx_word' id='word_1_339' title='bbox 487 3919 555 3972; x_wconf 74' lang='lat' dir='ltr'>libri.</span> <span class='ocrx_word' id='word_1_340' title='bbox 582 3922 723 3968; x_wconf 72' lang='lat' dir='ltr'>embriciem</span> <span class='ocrx_word' id='word_1_341' title='bbox 735 3925 783 3966; x_wconf 82' lang='lat' dir='ltr'>aut</span> <span class='ocrx_word' id='word_1_342' title='bbox 793 3920 963 3972; x_wconf 63' lang='lat' dir='ltr'>medicem</span> <span class='ocrx_word' id='word_1_343' title='bbox 976 3919 1025 3968; x_wconf 75' lang='lat' dir='ltr'>atii</span> <span class='ocrx_word' id='word_1_344' title='bbox 1036 3916 1155 3968; x_wconf 53' lang='lat' dir='ltr'>&amp;aaut</span> 
     </span>
     <span class='ocr_line' id='line_1_41' title="bbox 122 3990 1224 4056; baseline -0.002 -18"><span class='ocrx_word' id='word_1_345' title='bbox 122 3993 191 4042; x_wconf 84' lang='lat' dir='ltr'>animi</span> <span class='ocrx_word' id='word_1_346' title='bbox 209 3992 319 4056; x_wconf 70' lang='lat' dir='ltr'>scripsi:</span> <span class='ocrx_word' id='word_1_347' title='bbox 336 3993 421 4040; x_wconf 79' lang='lat' dir='ltr'>auimo</span> <span class='ocrx_word' id='word_1_348' title='bbox 439 3991 501 4040; x_wconf 77' lang='lat' dir='ltr'>libri</span> <span class='ocrx_word' id='word_1_349' title='bbox 610 3994 641 4038; x_wconf 79' lang='lat' dir='ltr'>te</span> <span class='ocrx_word' id='word_1_350' title='bbox 661 3991 775 4039; x_wconf 67' lang='lat' dir='ltr'>cicatrice</span> <span class='ocrx_word' id='word_1_351' title='bbox 789 3998 835 4053; x_wconf 84' lang='lat' dir='ltr'>pt:</span> <span class='ocrx_word' id='word_1_352' title='bbox 852 3991 938 4040; x_wconf 83' lang='lat' dir='ltr'>dolore</span> <span class='ocrx_word' id='word_1_353' title='bbox 957 3990 981 4040; x_wconf 94' lang='lat' dir='ltr'><em>L</em></span> <span class='ocrx_word' id='word_1_354' title='bbox 1087 3990 1224 4038; x_wconf 80' lang='lat' dir='ltr'>incultis-</span> 
     </span>
     <span class='ocr_line' id='line_1_42' title="bbox 120 4059 1224 4128; baseline -0.006 -15"><span class='ocrx_word' id='word_1_355' title='bbox 120 4068 217 4124; x_wconf 63' lang='grc'><strong>11120,</strong></span> <span class='ocrx_word' id='word_1_356' title='bbox 237 4067 253 4112; x_wconf 78' lang='lat'><strong>3</strong></span> <span class='ocrx_word' id='word_1_357' title='bbox 271 4064 406 4127; x_wconf 75' lang='lat' dir='ltr'>prelabitnr</span> <span class='ocrx_word' id='word_1_358' title='bbox 424 4063 498 4111; x_wconf 76' lang='lat' dir='ltr'>dubet</span> <span class='ocrx_word' id='word_1_359' title='bbox 509 4062 668 4128; x_wconf 59' lang='lat' dir='ltr'>florilegium</span> <span class='ocrx_word' id='word_1_360' title='bbox 686 4060 840 4110; x_wconf 71' lang='lat' dir='ltr'>Parisiorum</span> <span class='ocrx_word' id='word_1_361' title='bbox 939 4065 972 4112; x_wconf 72' lang='grc'><strong>211</strong></span> <span class='ocrx_word' id='word_1_362' title='bbox 992 4072 1030 4112; x_wconf 79' lang='lat' dir='ltr'>est</span> <span class='ocrx_word' id='word_1_363' title='bbox 1048 4060 1177 4110; x_wconf 76' lang='lat' dir='ltr'>tolerabile</span> <span class='ocrx_word' id='word_1_364' title='bbox 1195 4059 1224 4107; x_wconf 81' lang='lat' dir='ltr'>in</span> 
     </span>
     <span class='ocr_line' id='line_1_43' title="bbox 124 4128 1224 4199; baseline -0.004 -15"><span class='ocrx_word' id='word_1_365' title='bbox 124 4133 219 4185; x_wconf 68' lang='lat' dir='ltr'>sublimi</span> <span class='ocrx_word' id='word_1_366' title='bbox 236 4133 370 4184; x_wconf 64' lang='lat' dir='ltr'>umidam</span> <span class='ocrx_word' id='word_1_367' title='bbox 388 4137 503 4185; x_wconf 80' lang='lat' dir='ltr'>oratione</span> <span class='ocrx_word' id='word_1_368' title='bbox 621 4136 662 4181; x_wconf 84' lang='lat' dir='ltr'>ubi</span> <span class='ocrx_word' id='word_1_369' title='bbox 674 4131 843 4199; x_wconf 60' lang='lat' dir='ltr'>florilegium,</span> <span class='ocrx_word' id='word_1_370' title='bbox 861 4133 1036 4186; x_wconf 63' lang='lat' dir='ltr'>irenaeum:</span> <span class='ocrx_word' id='word_1_371' title='bbox 1054 4134 1096 4181; x_wconf 84' lang='lat' dir='ltr'>ubi</span> <span class='ocrx_word' id='word_1_372' title='bbox 1114 4147 1145 4180; x_wconf 72' lang='lat' dir='ltr'>ec</span> <span class='ocrx_word' id='word_1_373' title='bbox 1162 4128 1224 4192; x_wconf 80' lang='lat' dir='ltr'>Lpt.</span> 
     </span>
     <span class='ocr_line' id='line_1_44' title="bbox 124 4205 913 4272; baseline 0.003 -20"><span class='ocrx_word' id='word_1_374' title='bbox 124 4206 161 4254; x_wconf 91' lang='lat' dir='ltr'>ubi</span> <span class='ocrx_word' id='word_1_375' title='bbox 177 4223 208 4256; x_wconf 82' lang='lat' dir='ltr'>ex</span> <span class='ocrx_word' id='word_1_376' title='bbox 227 4205 374 4271; x_wconf 72' lang='lat' dir='ltr'>Sedefferus</span> <span class='ocrx_word' id='word_1_377' title='bbox 482 4206 665 4257; x_wconf 69' lang='lat' dir='ltr'>marouelacta:</span> <span class='ocrx_word' id='word_1_378' title='bbox 683 4205 777 4254; x_wconf 79' lang='lat' dir='ltr'>domita</span> <span class='ocrx_word' id='word_1_379' title='bbox 793 4212 913 4272; x_wconf 72' lang='lat' dir='ltr'>umrgot</span> 
     </span>
    </p>
   </div>
   <div class='ocr_carea' id='block_1_13' title="bbox 0 0 1527 4956">
    <p class='ocr_par' dir='ltr' id='par_1_16' title="bbox 0 0 1527 4956">
     <span class='ocr_line' id='line_1_45' title="bbox 0 0 1527 4956; baseline 0 0"><span class='ocrx_word' id='word_1_380' title='bbox 0 0 1527 4956; x_wconf 95' lang='lat' dir='ltr'> </span> 
     </span>
    </p>
   </div>
  </div>
 </body>
</html>
