3022 4956
282 369 346 432 152
753 363 908 418 PETRONH

280 521 345 585 catii
360 520 476 583 curiosa
489 519 620 584 felicitas.
650 519 736 582 ceteri
752 519 829 580 enim
845 527 969 582 autnon
985 521 1119 584 viderunt
1130 523 1214 596 viam,
1229 542 1285 602 qua
1295 524 1380 587 iretur
1396 535 1439 587 Lo

281 621 316 682 ad
332 637 465 692 carmen,
485 626 535 681 aut
554 621 646 681 visam
667 619 829 680 timuerunt
848 618 965 679 calcare.
996 639 1061 682 ecce
1083 621 1147 682 belli
1168 621 1256 682 civilis
1281 623 1382 701 ingens

281 736 357 798 opus
373 717 505 796 quisquis
520 717 660 796 attigerit,
676 717 734 779 nisi
749 716 852 797 plenus
867 716 985 792 litteris,
1002 719 1057 780 suh
1073 738 1162 781 onere
1175 720 1297 782 labetur.
1325 739 1384 782 non

281 816 359 879 enim
374 834 422 878 res
438 822 534 894 gestae
549 815 682 876 versibus
695 816 988 896 comprehendendae
1001 826 1078 891 sunt,
1094 819 1173 898 quod
1183 818 1272 898 longe
1283 821 1382 882 melius

280 914 411 977 historici
425 914 547 986 iaciunt,
566 913 618 974 sed
639 933 692 992 per
706 915 842 995 ambages
858 914 1038 995 deorumque
1053 915 1213 978 ministeria
1229 926 1259 978 et
1272 919 1383 980 fabulo-
1401 933 1416 981 5

281 1031 348 1076 sum
368 1011 577 1074 sententiarum
599 1019 778 1074 tormentum
796 1013 1033 1093 praecipitandus
1049 1023 1095 1076 est
1108 1015 1180 1076 liber
1195 1016 1333 1096 spiritus,
1352 1025 1385 1079 ut

280 1110 380 1190 potius
394 1110 519 1172 furentis
535 1111 624 1172 animi
639 1107 803 1170 vaticinatio
819 1119 957 1189 appareat
972 1131 1059 1191 quam
1074 1113 1224 1192 religiosae
1247 1117 1385 1176 orationis

281 1207 337 1270 suh
350 1207 473 1269 testibus
485 1208 572 1270 tides:
597 1215 746 1286 umquam
759 1208 785 1268 si
796 1208 891 1287 placet
905 1207 953 1269 hic
964 1208 1101 1288 impetus,
1117 1212 1202 1272 etiam
1215 1213 1385 1275 sinendum

281 1305 393 1385 recepit
408 1305 537 1367 nltimam
554 1321 673 1366 manum

821 1402 841 1441 aa

214 1477 273 1539 119
421 1465 534 1537 ‘orbem
550 1475 607 1537 iam
623 1482 718 1536 totum
734 1474 827 1537 victor
841 1475 991 1537 Romanus
1006 1476 1144 1552 habehat,

383 1591 438 1653 qua
449 1593 545 1648 mare,
561 1582 738 1654 quaternae,
755 1594 811 1655 qua
827 1571 908 1636 sidus
923 1574 1013 1635 currit
1028 1582 1195 1655 utrumque.
1288 1573 1290 1582 ’

383 1688 437 1732 nec
452 1675 573 1735 satiatus
589 1681 659 1734 erat.
691 1671 815 1750 gravidis
830 1672 904 1734 freta
919 1675 1003 1752 pulsa
1020 1674 1125 1735 carinis

356 1885 368 1930 1
389 1881 466 1946 enim]
485 1889 569 1930 antem
581 1877 748 1929 ACDEFOs
831 1880 879 1928 itur
897 1879 1068 1929 Memmianus
1159 1883 1173 1928 2
1194 1880 1276 1928 uisam
1295 1879 1388 1943 Faber,

282 1971 309 2005 u.
328 1969 348 2002 c.
367 1951 498 2003 Richardi
520 1960 545 2001 ct
561 1952 683 2002 Douaae:
709 1965 806 2000 uersum
824 1949 1080 2016 ABODFGLPpst,
1105 1966 1178 2000 uersu
1197 1951 1327 2001 Auwuius
1344 1967 1389 2001 nec

283 2023 433 2089 discrepare
445 2023 597 2073 Enotaturn
609 2029 647 2072 est
753 2023 768 2070 3
787 2023 872 2070 eccide
891 2024 999 2086 attigerit
1020 2021 1046 2086 0,
1068 2022 1199 2086 ectingerit
1218 2021 1248 2071 F
1351 2024 1388 2072 lit·

283 2149 341 2198 teris
354 2163 406 2212 per
427 2153 447 2196 tt
465 2144 556 2196 ABG:
580 2148 669 2196 licteris
687 2145 720 2198 F.
757 2146 831 2196 suern
855 2144 932 2196 addit
953 2162 965 2195 s
1126 2160 1228 2212 onerare
1245 2147 1276 2200 G.
1295 2149 1388 2197 honere

283 2220 370 2268 abetur
389 2218 415 2282 (a
432 2216 461 2267 in
479 2215 585 2282 rasura)
604 2217 631 2266 P
736 2219 750 2266 5
770 2218 865 2266 faciunt
883 2233 958 2281 quem
976 2224 1064 2282 poetae
1083 2232 1115 2266 ecc
1131 2216 1217 2281 plasea
1235 2216 1275 2282 St,
1294 2235 1345 2268 raon
1361 2217 1389 2269 Τ.

280 2281 417 2339 ‘Lucanus
441 2288 499 2339 ideo
521 2289 550 2339 in
574 2304 679 2338 numero
693 2296 830 2353 poetarum
849 2305 900 2338 esse
918 2305 971 2338 non
987 2288 1088 2352 meruit,
1109 2288 1171 2352 quia
1188 2287 1296 2339 uidetur
1314 2289 1389 2339 histo·

282 2360 351 2412 rimu
369 2361 546 2426 composuisse,
566 2377 618 2410 non
631 2353 735 2426 poema’
757 2357 866 2411 Seruius
884 2361 915 2410 in
937 2359 1009 2424 Verp.
1028 2361 1093 2412 Aen.
1111 2360 1132 2408 I
1147 2361 1199 2409 382
1344 2376 1390 2424 que

284 2449 330 2484 orn.
352 2431 409 2497 01),
427 2433 486 2483 itern
505 2430 528 2482 0
546 2434 632 2482 derum
651 2430 771 2482 exhibens
895 2433 1003 2481 misteria
1020 2430 1050 2480 F
1065 2431 1177 2495 captioso
1195 2447 1290 2496 errore,
1314 2433 1390 2481 minc-

284 2506 358 2556 sterie
378 2502 401 2554 0
420 2522 438 2554 a
456 2520 506 2569 quo
525 2513 550 2555 et
568 2505 771 2554 fabulosum—6
786 2503 985 2568 praecipitandus
1005 2510 1041 2551 cst
1060 2501 1154 2552 absunt
1262 2507 1276 2552 6
1296 2512 1390 2552 torren-

248 2608 250 2613 ,
286 2586 335 2627 tem
353 2576 481 2627 Barthius
588 2580 601 2624 7
621 2577 707 2640 pocius
727 2573 753 2624 P
851 2575 928 2623 enimi
946 2590 992 2622 ana.
1006 2571 1179 2654 AOFFGPs.
1216 2575 1299 2626 animi.
1315 2574 1331 2638 l
1348 2591 1390 2623 us-

284 2685 393 2734 ticinetio
417 2683 471 2733 siue
496 2681 604 2747 septima
623 2697 640 2730 u
655 2681 712 2746 fine
730 2679 816 2730 littera
834 2687 900 2729 test
919 2679 951 2728 L.
988 2653 1118 2729 rstidriatio
1140 2679 1164 2729 d
1252 2695 1311 2728 uam
1329 2687 1390 2742 utq

284 2753 352 2805 desit
366 2755 396 2805 in
413 2771 497 2804 uacuo
516 2753 600 2817 spatio
619 2750 644 2801 G
754 2752 901 2801 narrationis
918 2749 1052 2800 Iocoirsius
1164 2753 1179 2800 8
1198 2761 1327 2814 tamquam
1340 2766 1391 2815 per

284 2841 310 2874 m
322 2825 410 2875 BFP:
429 2833 529 2888 temque
543 2825 576 2887 A,
594 2831 686 2887 tcnqae
698 2823 731 2887 Ε,
750 2825 848 2885 iamque
866 2837 892 2883 s,
915 2831 966 2870 tem
986 2824 1055 2885 quasi
1072 2823 1113 2886 D,
1139 2838 1281 2886 quanquam
1302 2838 1390 2887 marpo

285 2895 318 2958 L,
342 2887 425 2945 'deest
445 2888 558 2960 aliquid’
584 2893 751 2958 Tornaesius,
776 2892 925 2942 munerun
937 2894 1093 2958 praeposuit
1105 2909 1127 2958 p
1275 2893 1391 2958 fortasse

284 2966 346 3014 mihi
364 2967 445 3030 placet
463 2972 493 3015 ut
510 2973 628 3028 tanquam
646 2964 735 3014 ualeat
755 2965 861 3027 exempli
883 2979 978 3029 caussa,
997 2964 1093 3014 lacuna
1105 2973 1190 3015 autern
1201 2965 1230 3014 in
1241 2963 1298 3028 fine
1312 2981 1390 3014 enun-

284 3036 343 3086 tiati
366 3035 439 3086 nulio
466 3036 506 3086 sit
537 3035 607 3100 quod
624 3034 801 3100 redinteprare
819 3033 922 3098 quidem
935 3037 1011 3085 etiam
1024 3036 1061 3085 sic
1068 3037 1165 3101 possis:
1183 3037 1263 3085 uidete
1275 3038 1360 3100 itaque
1372 3036 1391 3084 si

283 3109 382 3174 placeat
487 3108 584 3172 placeat
596 3107 632 3170 D,
651 3107 760 3170 placeret
779 3105 808 3154 F
929 3107 1225 3171 capiteomnium
1333 3109 1391 3155 dnm

284 3181 378 3243 recepit
396 3179 507 3228 nltimam
526 3193 628 3226 menum
648 3193 695 3226 orn.
714 3175 743 3226 F
757 3177 785 3226 in
803 3191 882 3226 uersu
900 3193 984 3228 uacuo
1093 3182 1107 3228 9
1126 3180 1213 3242 recipit
1231 3176 1309 3226 AGP

284 3250 406 3302 lacunam
429 3257 571 3317 opnoscunt
587 3248 624 3298 Lt
646 3247 710 3297 duos
734 3255 833 3313 tresque
857 3249 991 3299 asteriscos
1010 3248 1167 3313 exhibentes,
1185 3265 1237 3298 non
1250 3264 1280 3312 p.
1315 3239 1391 3312 ‘pau-

204 3357 206 3362 =
285 3323 344 3374 cula
368 3322 454 3374 deesse
478 3313 612 3373 uidentur‘
633 3317 785 3372 Sambucus.
821 3335 954 3369 nvmonrvs
976 3321 1004 3370 in
1022 3321 1110 3371 ultimo
1127 3337 1206 3371 uersu
1224 3318 1257 3382 L,
1277 3320 1306 3369 in
1323 3337 1391 3369 near·

282 3395 343 3462 pirae
362 3403 373 3444 t
501 3396 534 3444 10
553 3391 650 3442 addidi
667 3390 869 3456 discrepantiam
888 3390 1051 3441 Monacensis
1072 3391 1127 3458 (M)
1147 3400 1172 3442 et
1185 3391 1304 3442 Parisini
1323 3395 1393 3442 6842

284 3467 314 3516 D
326 3465 378 3532 (R)
390 3483 471 3532 usque
490 3465 641 3516 aduersum
655 3465 688 3512 99
695 3481 704 3524 ,·
722 3463 783 3513 inde
796 3479 813 3512 a
825 3480 849 3512 u.
865 3465 916 3512 100
935 3478 967 3512 ero
979 3461 1015 3512 M
1025 3463 1174 3529 grauiorem
1190 3461 1392 3526 discrepantiam

284 3537 397 3602 neglecta
416 3535 613 3603 orthographica
631 3533 781 3599 adposuisse
799 3533 862 3583 satis
880 3533 959 3584 habui
1066 3535 1100 3600 cf.
1113 3534 1235 3584 Heiricus
1253 3535 1391 3584 nwnacheu

285 3607 511 3658 Altissiodurensis
530 3607 562 3657 de
580 3608 636 3658 uitro
654 3604 682 3659 S.
704 3604 828 3656 Gerneoni
846 3603 867 3655 I
882 3609 905 3668 1,
925 3609 960 3654 24
967 3622 997 3670 p.
1011 3607 1064 3657 226
1084 3605 1158 3670 (uide
1173 3603 1392 3671 praefationem).-

285 3679 370 3726 orbem
388 3686 442 3727 tum
460 3686 539 3728 totum
558 3680 638 3728 uictor
656 3679 784 3727 Romanus
801 3678 917 3738 hahebat,
937 3692 986 3740 que
998 3693 1075 3742 mere,
1095 3694 1144 3742 qus
1156 3679 1234 3736 tellus,
1253 3692 1303 3739 qus
1316 3679 1391 3726 cardo

285 3748 393 3810 inuergit
410 3755 523 3810 uterquc:
549 3751 569 3798 si
588 3750 654 3813 quod
672 3751 697 3798 in
716 3749 775 3797 orbe
794 3748 896 3808 fretum,
920 3749 1014 3811 siquis
1033 3751 1100 3797 sinus
1120 3751 1216 3798 abditus
1235 3763 1354 3810 usquam,
1372 3749 1390 3797 si

286 3817 352 3881 quod
371 3818 445 3866 clima
463 3820 528 3868 toret
544 3820 678 3870 Phoebeae
696 3819 816 3883 lampadis
834 3834 935 3882 expers,
955 3820 975 3867 si
994 3834 1043 3882 qus
1061 3820 1107 3868 fnit
1125 3822 1193 3884 regio
1213 3820 1310 3868 sulcum
1329 3835 1391 3883 qnae

285 3890 399 3952 gigneret
411 3903 506 3951 aarum,
524 3891 558 3938 nil
570 3892 617 3940 nisi
629 3892 736 3940 Romani
749 3891 849 3940 sinebat
861 3891 967 3939 nominis
980 3892 1067 3940 umbra
1157 3885 1210 3940 toth
1223 3897 1352 3940 mutatum
1364 3891 1391 3941 in

284 3959 341 4008 cotia
359 3957 385 4006 P
497 3961 594 4010 uterer
613 3961 639 4011 P
714 3985 720 4000 ι
751 3965 780 4010 11
801 3969 878 4011 terres
897 3960 1024 4011 Bacchius
1136 3964 1210 4028 sydus
1230 3960 1290 4011 GM

284 4037 406 4091 annaque
430 4027 477 4096 L,
493 4031 614 4095 utrimque
635 4031 658 4082 u
800 4034 831 4081 12
851 4049 898 4082 nec
916 4049 981 4083 corr.
1002 4049 1034 4084 en
1052 4048 1096 4082 nes
1116 4033 1140 4082 L
1284 4034 1390 4082 saciatus

285 4098 443 4222 AFMRAF
498 4103 598 4166 grandis
615 4101 647 4152 F.
685 4101 765 4153 Graiis
776 4101 910 4154 Rubenius
1017 4102 1390 4170 pulsaBODEGLMPRpst:

284 4188 370 4241 pressa
