<?xml version="1.0" encoding="UTF-8"?>
<!DOCTYPE html PUBLIC "-//W3C//DTD XHTML 1.0 Transitional//EN"
    "http://www.w3.org/TR/xhtml1/DTD/xhtml1-transitional.dtd">
<html xmlns="http://www.w3.org/1999/xhtml" xml:lang="en" lang="en">
 <head>
  <title>
</title>
<meta http-equiv="Content-Type" content="text/html;charset=utf-8" />
  <meta name='ocr-system' content='tesseract 3.04.00' />
  <meta name='ocr-capabilities' content='ocr_page ocr_carea ocr_par ocr_line ocrx_word'/>
</head>
<body>
  <div class='ocr_page' id='page_1' title='image "./petroniiarbitri00buecgoog_0148.png"; bbox 0 0 3022 4956; ppageno 0'>
   <div class='ocr_carea' id='block_1_1' title="bbox 71 608 89 658">
    <p class='ocr_par' dir='ltr' id='par_1_1' title="bbox 71 608 89 658">
     <span class='ocr_line' id='line_1_1' title="bbox 71 608 89 658; baseline 0 0"><span class='ocrx_word' id='word_1_1' title='bbox 71 608 89 658; x_wconf 91' lang='lat' dir='ltr'><strong><em>L</em></strong></span> 
     </span>
    </p>
   </div>
   <div class='ocr_carea' id='block_1_2' title="bbox 76 1009 88 1057">
    <p class='ocr_par' dir='ltr' id='par_1_2' title="bbox 76 1009 88 1057">
     <span class='ocr_line' id='line_1_2' title="bbox 76 1009 88 1057; baseline 0 0"><span class='ocrx_word' id='word_1_2' title='bbox 76 1009 88 1057; x_wconf 82' lang='lat'>5</span> 
     </span>
    </p>
   </div>
   <div class='ocr_carea' id='block_1_3' title="bbox 66 1503 90 1551">
    <p class='ocr_par' dir='ltr' id='par_1_3' title="bbox 66 1503 90 1551">
     <span class='ocr_line' id='line_1_3' title="bbox 66 1503 90 1551; baseline 0 0"><span class='ocrx_word' id='word_1_3' title='bbox 66 1503 90 1551; x_wconf 87' lang='lat'><strong>10</strong></span> 
     </span>
    </p>
   </div>
   <div class='ocr_carea' id='block_1_4' title="bbox 67 2081 90 2129">
    <p class='ocr_par' dir='ltr' id='par_1_4' title="bbox 67 2081 90 2129">
     <span class='ocr_line' id='line_1_4' title="bbox 67 2081 90 2129; baseline 0 0"><span class='ocrx_word' id='word_1_4' title='bbox 67 2081 90 2129; x_wconf 83' lang='lat'><strong>15</strong></span> 
     </span>
    </p>
   </div>
   <div class='ocr_carea' id='block_1_5' title="bbox 67 2564 91 2614">
    <p class='ocr_par' dir='ltr' id='par_1_5' title="bbox 67 2564 91 2614">
     <span class='ocr_line' id='line_1_5' title="bbox 67 2564 91 2614; baseline 0.042 -1"><span class='ocrx_word' id='word_1_5' title='bbox 67 2564 91 2614; x_wconf 81' lang='lat'><strong>20</strong></span> 
     </span>
    </p>
   </div>
   <div class='ocr_carea' id='block_1_6' title="bbox 577 409 1200 517">
    <p class='ocr_par' dir='ltr' id='par_1_6' title="bbox 577 409 1200 517">
     <span class='ocr_line' id='line_1_6' title="bbox 577 409 1200 517; baseline 0 -19"><span class='ocrx_word' id='word_1_6' title='bbox 577 447 718 500; x_wconf 78' lang='lat' dir='ltr'><strong>sannen</strong></span> <span class='ocrx_word' id='word_1_7' title='bbox 894 409 897 424; x_wconf 69' lang='grc'>’</span> <span class='ocrx_word' id='word_1_8' title='bbox 1160 453 1200 517; x_wconf 83' lang='lat'><strong>93</strong></span> 
     </span>
    </p>
   </div>
   <div class='ocr_carea' id='block_1_7' title="bbox 104 603 1202 1568">
    <p class='ocr_par' dir='ltr' id='par_1_7' title="bbox 104 603 1202 1568">
     <span class='ocr_line' id='line_1_7' title="bbox 105 603 1200 684; baseline 0.005 -22"><span class='ocrx_word' id='word_1_9' title='bbox 105 619 157 681; x_wconf 93' lang='lat' dir='ltr'><strong>que</strong></span> <span class='ocrx_word' id='word_1_10' title='bbox 172 603 358 664; x_wconf 91' lang='lat' dir='ltr'><strong>eminentium</strong></span> <span class='ocrx_word' id='word_1_11' title='bbox 371 604 534 680; x_wconf 88' lang='lat' dir='ltr'><strong>fragmenta</strong></span> <span class='ocrx_word' id='word_1_12' title='bbox 548 603 740 664; x_wconf 83' lang='lat' dir='ltr'><strong>traxissemus</strong></span> <span class='ocrx_word' id='word_1_13' title='bbox 757 611 893 665; x_wconf 87' lang='lat' dir='ltr'><strong>cruentos</strong></span> <span class='ocrx_word' id='word_1_14' title='bbox 905 604 1004 684; x_wconf 90' lang='lat' dir='ltr'><strong>pedes,</strong></span> <span class='ocrx_word' id='word_1_15' title='bbox 1020 608 1138 667; x_wconf 90' lang='lat' dir='ltr'><strong>tandem</strong></span> <span class='ocrx_word' id='word_1_16' title='bbox 1151 625 1200 668; x_wconf 84' lang='lat' dir='ltr'><strong>ex·</strong></span> 
     </span>
     <span class='ocr_line' id='line_1_8' title="bbox 104 699 1200 781; baseline 0.005 -20"><span class='ocrx_word' id='word_1_17' title='bbox 104 701 189 780; x_wconf 87' lang='lat' dir='ltr'><strong>pliciti</strong></span> <span class='ocrx_word' id='word_1_18' title='bbox 203 702 335 763; x_wconf 80' lang='lat' dir='ltr'><strong>acumine</strong></span> <span class='ocrx_word' id='word_1_19' title='bbox 348 699 462 761; x_wconf 87' lang='lat' dir='ltr'><strong>Gitonis</strong></span> <span class='ocrx_word' id='word_1_20' title='bbox 473 718 586 764; x_wconf 88' lang='lat' dir='ltr'><strong>snmus.</strong></span> <span class='ocrx_word' id='word_1_21' title='bbox 612 703 741 781; x_wconf 91' lang='lat' dir='ltr'><strong>prudens</strong></span> <span class='ocrx_word' id='word_1_22' title='bbox 753 703 831 764; x_wconf 89' lang='lat' dir='ltr'><strong>enim</strong></span> <span class='ocrx_word' id='word_1_23' title='bbox 843 703 945 781; x_wconf 85' lang='lat' dir='ltr'><strong>pridie,</strong></span> <span class='ocrx_word' id='word_1_24' title='bbox 961 721 1027 763; x_wconf 91' lang='lat' dir='ltr'><strong>oum</strong></span> <span class='ocrx_word' id='word_1_25' title='bbox 1040 705 1103 766; x_wconf 90' lang='lat' dir='ltr'><strong>lnce</strong></span> <span class='ocrx_word' id='word_1_26' title='bbox 1114 706 1200 767; x_wconf 90' lang='lat' dir='ltr'><strong>etiam</strong></span> 
     </span>
     <span class='ocr_line' id='line_1_9' title="bbox 105 799 1201 879; baseline 0.005 -20"><span class='ocrx_word' id='word_1_27' title='bbox 105 800 175 860; x_wconf 85' lang='lat' dir='ltr'><strong>clara</strong></span> <span class='ocrx_word' id='word_1_28' title='bbox 194 801 309 861; x_wconf 89' lang='lat' dir='ltr'><strong>timeret</strong></span> <span class='ocrx_word' id='word_1_29' title='bbox 329 817 476 873; x_wconf 89' lang='lat' dir='ltr'><strong>errorem,</strong></span> <span class='ocrx_word' id='word_1_30' title='bbox 497 819 599 862; x_wconf 92' lang='lat' dir='ltr'><strong>omnes</strong></span> <span class='ocrx_word' id='word_1_31' title='bbox 618 799 692 878; x_wconf 92' lang='lat' dir='ltr'><strong>pilas</strong></span> <span class='ocrx_word' id='word_1_32' title='bbox 714 800 924 879; x_wconf 81' lang='lat' dir='ltr'><strong>columnasque</strong></span> <span class='ocrx_word' id='word_1_33' title='bbox 944 807 1097 863; x_wconf 88' lang='lat' dir='ltr'><strong>notaverat</strong></span> <span class='ocrx_word' id='word_1_34' title='bbox 1109 802 1201 878; x_wconf 83' lang='lat' dir='ltr'><strong>creta,</strong></span> 
     </span>
     <span class='ocr_line' id='line_1_10' title="bbox 105 898 1202 977; baseline 0.005 -20"><span class='ocrx_word' id='word_1_35' title='bbox 105 916 173 975; x_wconf 93' lang='lat' dir='ltr'><strong>quae</strong></span> <span class='ocrx_word' id='word_1_36' title='bbox 191 898 356 959; x_wconf 91' lang='lat' dir='ltr'><strong>liniamenta</strong></span> <span class='ocrx_word' id='word_1_37' title='bbox 371 898 520 958; x_wconf 86' lang='lat' dir='ltr'><strong>evicerunt</strong></span> <span class='ocrx_word' id='word_1_38' title='bbox 534 899 748 977; x_wconf 87' lang='lat' dir='ltr'><strong>spississimam</strong></span> <span class='ocrx_word' id='word_1_39' title='bbox 763 906 880 961; x_wconf 88' lang='lat' dir='ltr'><strong>noctem</strong></span> <span class='ocrx_word' id='word_1_40' title='bbox 896 907 924 959; x_wconf 90' lang='lat' dir='ltr'><strong>et</strong></span> <span class='ocrx_word' id='word_1_41' title='bbox 938 898 1058 960; x_wconf 80' lang='lat' dir='ltr'><strong>notabili</strong></span> <span class='ocrx_word' id='word_1_42' title='bbox 1074 901 1202 964; x_wconf 88' lang='lat' dir='ltr'><strong>candore</strong></span> 
     </span>
     <span class='ocr_line' id='line_1_11' title="bbox 106 996 1200 1076; baseline 0.006 -23"><span class='ocrx_word' id='word_1_43' title='bbox 106 997 288 1057; x_wconf 90' lang='lat' dir='ltr'><strong>ostenderunt</strong></span> <span class='ocrx_word' id='word_1_44' title='bbox 300 996 464 1058; x_wconf 89' lang='lat' dir='ltr'><strong>errantibus</strong></span> <span class='ocrx_word' id='word_1_45' title='bbox 477 997 562 1057; x_wconf 91' lang='lat' dir='ltr'><strong>viam.</strong></span> <span class='ocrx_word' id='word_1_46' title='bbox 585 997 717 1076; x_wconf 90' lang='lat' dir='ltr'><strong>quamvis</strong></span> <span class='ocrx_word' id='word_1_47' title='bbox 729 1015 789 1057; x_wconf 93' lang='lat' dir='ltr'><strong>non</strong></span> <span class='ocrx_word' id='word_1_48' title='bbox 802 997 900 1058; x_wconf 91' lang='lat' dir='ltr'><strong>minus</strong></span> <span class='ocrx_word' id='word_1_49' title='bbox 913 998 1032 1058; x_wconf 88' lang='lat' dir='ltr'><strong>sudoris</strong></span> <span class='ocrx_word' id='word_1_50' title='bbox 1043 997 1200 1060; x_wconf 90' lang='lat' dir='ltr'><strong>habuimus</strong></span> 
     </span>
     <span class='ocr_line' id='line_1_12' title="bbox 105 1093 1201 1176; baseline 0.005 -24"><span class='ocrx_word' id='word_1_51' title='bbox 105 1094 184 1155; x_wconf 90' lang='lat' dir='ltr'><strong>etiam</strong></span> <span class='ocrx_word' id='word_1_52' title='bbox 198 1105 355 1176; x_wconf 89' lang='lat' dir='ltr'><strong>postquam</strong></span> <span class='ocrx_word' id='word_1_53' title='bbox 371 1095 406 1156; x_wconf 91' lang='lat' dir='ltr'><strong>ad</strong></span> <span class='ocrx_word' id='word_1_54' title='bbox 423 1093 570 1154; x_wconf 90' lang='lat' dir='ltr'><strong>stabulum</strong></span> <span class='ocrx_word' id='word_1_55' title='bbox 586 1096 781 1175; x_wconf 87' lang='lat' dir='ltr'><strong>pervenimus.</strong></span> <span class='ocrx_word' id='word_1_56' title='bbox 813 1113 886 1156; x_wconf 90' lang='lat' dir='ltr'><strong>anns</strong></span> <span class='ocrx_word' id='word_1_57' title='bbox 899 1096 975 1155; x_wconf 92' lang='lat' dir='ltr'><strong>enim</strong></span> <span class='ocrx_word' id='word_1_58' title='bbox 988 1096 1051 1174; x_wconf 89' lang='lat' dir='ltr'><strong>ipsa</strong></span> <span class='ocrx_word' id='word_1_59' title='bbox 1062 1096 1137 1155; x_wconf 88' lang='lat' dir='ltr'><strong>inter</strong></span> <span class='ocrx_word' id='word_1_60' title='bbox 1150 1096 1201 1157; x_wconf 92' lang='lat' dir='ltr'><strong>de-</strong></span> 
     </span>
     <span class='ocr_line' id='line_1_13' title="bbox 105 1193 1199 1284; baseline 0.003 -33"><span class='ocrx_word' id='word_1_61' title='bbox 105 1195 252 1255; x_wconf 88' lang='lat' dir='ltr'><strong>versitores</strong></span> <span class='ocrx_word' id='word_1_62' title='bbox 268 1195 377 1256; x_wconf 89' lang='lat' dir='ltr'><strong>diutius</strong></span> <span class='ocrx_word' id='word_1_63' title='bbox 392 1193 566 1270; x_wconf 85' lang='lat' dir='ltr'><strong>ingurgitata</strong></span> <span class='ocrx_word' id='word_1_64' title='bbox 581 1213 619 1254; x_wconf 89' lang='lat' dir='ltr'><strong>ne</strong></span> <span class='ocrx_word' id='word_1_65' title='bbox 633 1194 731 1272; x_wconf 91' lang='lat' dir='ltr'><strong>ignem</strong></span> <span class='ocrx_word' id='word_1_66' title='bbox 748 1193 865 1272; x_wconf 92' lang='lat' dir='ltr'><strong>quidem</strong></span> <span class='ocrx_word' id='word_1_67' title='bbox 882 1195 1033 1284; x_wconf 83' lang='lat' dir='ltr'><strong>admotum</strong></span> <span class='ocrx_word' id='word_1_68' title='bbox 1049 1193 1199 1256; x_wconf 87' lang='lat' dir='ltr'><strong>sensisset.</strong></span> 
     </span>
     <span class='ocr_line' id='line_1_14' title="bbox 105 1290 1199 1372; baseline 0.004 -22"><span class='ocrx_word' id='word_1_69' title='bbox 105 1299 131 1351; x_wconf 92' lang='lat' dir='ltr'><strong>et</strong></span> <span class='ocrx_word' id='word_1_70' title='bbox 144 1292 262 1352; x_wconf 86' lang='lat' dir='ltr'><strong>forsitan</strong></span> <span class='ocrx_word' id='word_1_71' title='bbox 278 1300 536 1372; x_wconf 88' lang='lat' dir='ltr'><strong>pernoctassemus</strong></span> <span class='ocrx_word' id='word_1_72' title='bbox 558 1293 588 1352; x_wconf 93' lang='lat' dir='ltr'><strong>in</strong></span> <span class='ocrx_word' id='word_1_73' title='bbox 608 1290 721 1362; x_wconf 89' lang='lat' dir='ltr'><strong>limine,</strong></span> <span class='ocrx_word' id='word_1_74' title='bbox 744 1292 774 1350; x_wconf 93' lang='lat' dir='ltr'><strong>ni</strong></span> <span class='ocrx_word' id='word_1_75' title='bbox 794 1290 959 1353; x_wconf 88' lang='lat' dir='ltr'><strong>tabellarius</strong></span> <span class='ocrx_word' id='word_1_76' title='bbox 976 1292 1199 1354; x_wconf 81' lang='lat' dir='ltr'><strong>Trimalchionis</strong></span> 
     </span>
     <span class='ocr_line' id='line_1_15' title="bbox 104 1388 1200 1467; baseline 0.003 -19"><span class='ocrx_word' id='word_1_77' title='bbox 104 1389 366 1452; x_wconf 89' lang='lat' dir='ltr'><strong>intervenisset...</strong></span> <span class='ocrx_word' id='word_1_78' title='bbox 382 1390 519 1451; x_wconf 89' lang='lat' dir='ltr'><strong>vehiculis</strong></span> <span class='ocrx_word' id='word_1_79' title='bbox 541 1389 630 1450; x_wconf 88' lang='lat' dir='ltr'><strong>dives.</strong></span> <span class='ocrx_word' id='word_1_80' title='bbox 661 1407 723 1449; x_wconf 94' lang='lat' dir='ltr'><strong>non</strong></span> <span class='ocrx_word' id='word_1_81' title='bbox 739 1388 789 1448; x_wconf 94' lang='lat' dir='ltr'><strong>diu</strong></span> <span class='ocrx_word' id='word_1_82' title='bbox 804 1408 871 1467; x_wconf 89' lang='lat' dir='ltr'><strong>ergo</strong></span> <span class='ocrx_word' id='word_1_83' title='bbox 887 1390 1079 1452; x_wconf 89' lang='lat' dir='ltr'><strong>tumultuatus</strong></span> <span class='ocrx_word' id='word_1_84' title='bbox 1095 1392 1200 1453; x_wconf 90' lang='lat' dir='ltr'><strong>stabuli</strong></span> 
     </span>
     <span class='ocr_line' id='line_1_16' title="bbox 106 1474 980 1568; baseline 0.001 -19"><span class='ocrx_word' id='word_1_85' title='bbox 106 1490 213 1551; x_wconf 92' lang='lat' dir='ltr'><strong>ianuam</strong></span> <span class='ocrx_word' id='word_1_86' title='bbox 229 1474 341 1568; x_wconf 80' lang='lat' dir='ltr'><strong>effregit</strong></span> <span class='ocrx_word' id='word_1_87' title='bbox 355 1497 384 1550; x_wconf 92' lang='lat' dir='ltr'><strong>et</strong></span> <span class='ocrx_word' id='word_1_88' title='bbox 398 1508 454 1549; x_wconf 88' lang='lat' dir='ltr'><strong>nos</strong></span> <span class='ocrx_word' id='word_1_89' title='bbox 470 1507 522 1567; x_wconf 92' lang='lat' dir='ltr'><strong>per</strong></span> <span class='ocrx_word' id='word_1_90' title='bbox 537 1488 659 1549; x_wconf 94' lang='lat' dir='ltr'><strong>eandem</strong></span> <span class='ocrx_word' id='word_1_91' title='bbox 675 1533 682 1548; x_wconf 90' lang='lat'><em>.</em></span> <span class='ocrx_word' id='word_1_92' title='bbox 696 1532 703 1548; x_wconf 89' lang='lat'><strong>.</strong></span> <span class='ocrx_word' id='word_1_93' title='bbox 717 1533 724 1548; x_wconf 84' lang='lat'><strong>.</strong></span> <span class='ocrx_word' id='word_1_94' title='bbox 739 1494 847 1548; x_wconf 92' lang='lat' dir='ltr'><strong>terram</strong></span> <span class='ocrx_word' id='word_1_95' title='bbox 862 1489 980 1550; x_wconf 90' lang='lat' dir='ltr'><strong>admisit</strong></span> 
     </span>
    </p>
   </div>
   <div class='ocr_carea' id='block_1_8' title="bbox 339 1599 848 1752">
    <p class='ocr_par' dir='ltr' id='par_1_8' title="bbox 339 1599 848 1752">
     <span class='ocr_line' id='line_1_17' title="bbox 339 1599 848 1752; baseline -0.002 -19"><span class='ocrx_word' id='word_1_96' title='bbox 339 1673 431 1752; x_wconf 91' lang='lat' dir='ltr'><strong>qualis</strong></span> <span class='ocrx_word' id='word_1_97' title='bbox 446 1691 506 1733; x_wconf 87' lang='lat' dir='ltr'><strong>nox</strong></span> <span class='ocrx_word' id='word_1_98' title='bbox 520 1673 574 1734; x_wconf 92' lang='lat' dir='ltr'><strong>fuit</strong></span> <span class='ocrx_word' id='word_1_99' title='bbox 587 1599 693 1743; x_wconf 37' lang='lat' dir='ltr'><strong>illabdi</strong></span> <span class='ocrx_word' id='word_1_100' title='bbox 709 1673 848 1751; x_wconf 84' lang='lat' dir='ltr'><strong>deaeque,</strong></span> 
     </span>
    </p>
   </div>
   <div class='ocr_carea' id='block_1_9' title="bbox 104 1770 1199 2639">
    <p class='ocr_par' dir='ltr' id='par_1_9' title="bbox 339 1770 967 1850">
     <span class='ocr_line' id='line_1_18' title="bbox 339 1770 967 1850; baseline 0 -19"><span class='ocrx_word' id='word_1_101' title='bbox 339 1789 425 1850; x_wconf 90' lang='lat' dir='ltr'><strong>qnam</strong></span> <span class='ocrx_word' id='word_1_102' title='bbox 441 1770 540 1830; x_wconf 90' lang='lat' dir='ltr'><strong>mollis</strong></span> <span class='ocrx_word' id='word_1_103' title='bbox 555 1779 648 1831; x_wconf 88' lang='lat' dir='ltr'><strong>torus.</strong></span> <span class='ocrx_word' id='word_1_104' title='bbox 678 1770 826 1832; x_wconf 88' lang='lat' dir='ltr'><strong>haesimus</strong></span> <span class='ocrx_word' id='word_1_105' title='bbox 843 1771 967 1831; x_wconf 91' lang='lat' dir='ltr'><strong>calentes</strong></span> 
     </span>
    </p>

    <p class='ocr_par' dir='ltr' id='par_1_10' title="bbox 339 1867 928 1929">
     <span class='ocr_line' id='line_1_19' title="bbox 339 1867 928 1929; baseline -0.002 0"><span class='ocrx_word' id='word_1_106' title='bbox 339 1875 368 1929; x_wconf 92' lang='lat' dir='ltr'><strong>et</strong></span> <span class='ocrx_word' id='word_1_107' title='bbox 381 1868 595 1929; x_wconf 86' lang='lat' dir='ltr'><strong>transfudimus</strong></span> <span class='ocrx_word' id='word_1_108' title='bbox 611 1868 681 1929; x_wconf 90' lang='lat' dir='ltr'><strong>hino</strong></span> <span class='ocrx_word' id='word_1_109' title='bbox 695 1874 724 1928; x_wconf 92' lang='lat' dir='ltr'><strong>et</strong></span> <span class='ocrx_word' id='word_1_110' title='bbox 738 1867 807 1928; x_wconf 89' lang='lat' dir='ltr'><strong>hino</strong></span> <span class='ocrx_word' id='word_1_111' title='bbox 820 1867 928 1928; x_wconf 90' lang='lat' dir='ltr'><strong>labellis</strong></span> 
     </span>
    </p>

    <p class='ocr_par' dir='ltr' id='par_1_11' title="bbox 340 1965 835 2040">
     <span class='ocr_line' id='line_1_20' title="bbox 340 1965 835 2040; baseline -0.006 -11"><span class='ocrx_word' id='word_1_112' title='bbox 340 1975 469 2029; x_wconf 90' lang='lat' dir='ltr'><strong>errantes</strong></span> <span class='ocrx_word' id='word_1_113' title='bbox 485 1965 606 2028; x_wconf 88' lang='lat' dir='ltr'><strong>animas.</strong></span> <span class='ocrx_word' id='word_1_114' title='bbox 637 1966 734 2040; x_wconf 87' lang='lat' dir='ltr'><strong>valete,</strong></span> <span class='ocrx_word' id='word_1_115' title='bbox 749 1985 835 2027; x_wconf 90' lang='lat' dir='ltr'><strong>curae</strong></span> 
     </span>
    </p>

    <p class='ocr_par' dir='ltr' id='par_1_12' title="bbox 104 2064 1199 2639">
     <span class='ocr_line' id='line_1_21' title="bbox 339 2064 840 2144; baseline -0.004 -18"><span class='ocrx_word' id='word_1_116' title='bbox 339 2065 479 2127; x_wconf 86' lang='lat' dir='ltr'><strong>mortalis.</strong></span> <span class='ocrx_word' id='word_1_117' title='bbox 510 2084 564 2144; x_wconf 91' lang='lat' dir='ltr'><strong>ego</strong></span> <span class='ocrx_word' id='word_1_118' title='bbox 581 2064 624 2125; x_wconf 89' lang='lat' dir='ltr'><strong>sio</strong></span> <span class='ocrx_word' id='word_1_119' title='bbox 637 2064 733 2144; x_wconf 89' lang='lat' dir='ltr'><strong>perire</strong></span> <span class='ocrx_word' id='word_1_120' title='bbox 749 2064 840 2143; x_wconf 89' lang='lat' dir='ltr'><strong>coepi.</strong></span> 
     </span>
     <span class='ocr_line' id='line_1_22' title="bbox 105 2163 1199 2242; baseline 0.003 -19"><span class='ocrx_word' id='word_1_121' title='bbox 105 2163 163 2224; x_wconf 90' lang='lat' dir='ltr'><strong>sine</strong></span> <span class='ocrx_word' id='word_1_122' title='bbox 178 2183 276 2226; x_wconf 89' lang='lat' dir='ltr'><strong>caussa</strong></span> <span class='ocrx_word' id='word_1_123' title='bbox 292 2164 422 2242; x_wconf 89' lang='lat' dir='ltr'><strong>gratulor</strong></span> <span class='ocrx_word' id='word_1_124' title='bbox 437 2163 518 2225; x_wconf 92' lang='lat' dir='ltr'><strong>mihi.</strong></span> <span class='ocrx_word' id='word_1_125' title='bbox 548 2182 615 2224; x_wconf 92' lang='lat' dir='ltr'><strong>nam</strong></span> <span class='ocrx_word' id='word_1_126' title='bbox 628 2181 694 2224; x_wconf 88' lang='lat' dir='ltr'><strong>oum</strong></span> <span class='ocrx_word' id='word_1_127' title='bbox 707 2163 915 2232; x_wconf 86' lang='lat' dir='ltr'><strong>solutusmero</strong></span> <span class='ocrx_word' id='word_1_128' title='bbox 928 2163 1092 2225; x_wconf 87' lang='lat' dir='ltr'><strong>amisissem</strong></span> <span class='ocrx_word' id='word_1_129' title='bbox 1104 2165 1199 2226; x_wconf 92' lang='lat' dir='ltr'><strong>ebrias</strong></span> 
     </span>
     <span class='ocr_line' id='line_1_23' title="bbox 104 2260 1198 2343; baseline 0.005 -22"><span class='ocrx_word' id='word_1_130' title='bbox 104 2280 209 2337; x_wconf 75' lang='lat' dir='ltr'><strong>manuS,</strong></span> <span class='ocrx_word' id='word_1_131' title='bbox 224 2264 367 2343; x_wconf 81' lang='lat' dir='ltr'><strong>Ascyltos,</strong></span> <span class='ocrx_word' id='word_1_132' title='bbox 382 2263 479 2323; x_wconf 93' lang='lat' dir='ltr'><strong>omnis</strong></span> <span class='ocrx_word' id='word_1_133' title='bbox 495 2262 616 2324; x_wconf 89' lang='lat' dir='ltr'><strong>iniuriae</strong></span> <span class='ocrx_word' id='word_1_134' title='bbox 630 2261 774 2330; x_wconf 88' lang='lat' dir='ltr'><strong>inventor,</strong></span> <span class='ocrx_word' id='word_1_135' title='bbox 790 2260 928 2321; x_wconf 83' lang='lat' dir='ltr'><strong>subduxit</strong></span> <span class='ocrx_word' id='word_1_136' title='bbox 941 2262 1012 2322; x_wconf 92' lang='lat' dir='ltr'><strong>mibi</strong></span> <span class='ocrx_word' id='word_1_137' title='bbox 1028 2273 1114 2326; x_wconf 89' lang='lat' dir='ltr'><strong>nocte</strong></span> <span class='ocrx_word' id='word_1_138' title='bbox 1125 2283 1198 2343; x_wconf 89' lang='lat' dir='ltr'><strong>puc-</strong></span> 
     </span>
     <span class='ocr_line' id='line_1_24' title="bbox 104 2357 1199 2436; baseline 0.005 -18"><span class='ocrx_word' id='word_1_139' title='bbox 104 2377 164 2419; x_wconf 91' lang='lat' dir='ltr'><strong>rum</strong></span> <span class='ocrx_word' id='word_1_140' title='bbox 183 2369 209 2422; x_wconf 90' lang='lat' dir='ltr'><strong>et</strong></span> <span class='ocrx_word' id='word_1_141' title='bbox 227 2363 257 2422; x_wconf 93' lang='lat' dir='ltr'><strong>in</strong></span> <span class='ocrx_word' id='word_1_142' title='bbox 277 2363 383 2424; x_wconf 88' lang='lat' dir='ltr'><strong>lectum</strong></span> <span class='ocrx_word' id='word_1_143' title='bbox 399 2360 545 2422; x_wconf 88' lang='lat' dir='ltr'><strong>transtulit</strong></span> <span class='ocrx_word' id='word_1_144' title='bbox 560 2377 657 2430; x_wconf 94' lang='lat' dir='ltr'><strong>suum,</strong></span> <span class='ocrx_word' id='word_1_145' title='bbox 672 2357 877 2436; x_wconf 88' lang='lat' dir='ltr'><strong>volutatusque</strong></span> <span class='ocrx_word' id='word_1_146' title='bbox 892 2358 1013 2422; x_wconf 90' lang='lat' dir='ltr'><strong>liberius</strong></span> <span class='ocrx_word' id='word_1_147' title='bbox 1029 2363 1199 2424; x_wconf 91' lang='lat' dir='ltr'><strong>cumfratre</strong></span> 
     </span>
     <span class='ocr_line' id='line_1_25' title="bbox 104 2456 1198 2534; baseline 0.005 -18"><span class='ocrx_word' id='word_1_148' title='bbox 104 2475 161 2518; x_wconf 92' lang='lat' dir='ltr'><strong>non</strong></span> <span class='ocrx_word' id='word_1_149' title='bbox 178 2479 244 2534; x_wconf 92' lang='lat' dir='ltr'><strong>suo,</strong></span> <span class='ocrx_word' id='word_1_150' title='bbox 265 2461 326 2523; x_wconf 86' lang='lat' dir='ltr'><strong>sive</strong></span> <span class='ocrx_word' id='word_1_151' title='bbox 346 2478 408 2521; x_wconf 94' lang='lat' dir='ltr'><strong>non</strong></span> <span class='ocrx_word' id='word_1_152' title='bbox 427 2460 570 2521; x_wconf 91' lang='lat' dir='ltr'><strong>sentiente</strong></span> <span class='ocrx_word' id='word_1_153' title='bbox 590 2456 726 2517; x_wconf 89' lang='lat' dir='ltr'><strong>iniuriam</strong></span> <span class='ocrx_word' id='word_1_154' title='bbox 742 2456 802 2516; x_wconf 92' lang='lat' dir='ltr'><strong>sive</strong></span> <span class='ocrx_word' id='word_1_155' title='bbox 819 2456 1034 2530; x_wconf 87' lang='lat' dir='ltr'><strong>dissimulante,</strong></span> <span class='ocrx_word' id='word_1_156' title='bbox 1054 2459 1198 2520; x_wconf 91' lang='lat' dir='ltr'><strong>indormi-</strong></span> 
     </span>
     <span class='ocr_line' id='line_1_26' title="bbox 105 2549 1199 2639; baseline 0 -23"><span class='ocrx_word' id='word_1_157' title='bbox 105 2557 141 2617; x_wconf 84' lang='lat' dir='ltr'><strong>vit</strong></span> <span class='ocrx_word' id='word_1_158' title='bbox 159 2559 254 2621; x_wconf 87' lang='lat' dir='ltr'><strong>ahenis</strong></span> <span class='ocrx_word' id='word_1_159' title='bbox 276 2558 471 2639; x_wconf 88' lang='lat' dir='ltr'><strong>amplexibus,</strong></span> <span class='ocrx_word' id='word_1_160' title='bbox 493 2557 600 2618; x_wconf 89' lang='lat' dir='ltr'><strong>oblitus</strong></span> <span class='ocrx_word' id='word_1_161' title='bbox 621 2555 692 2616; x_wconf 91' lang='lat' dir='ltr'><strong>iuris</strong></span> <span class='ocrx_word' id='word_1_162' title='bbox 707 2549 837 2617; x_wconf 87' lang='lat' dir='ltr'><strong>hnmani.</strong></span> <span class='ocrx_word' id='word_1_163' title='bbox 868 2555 964 2634; x_wconf 90' lang='lat' dir='ltr'><strong>itaque</strong></span> <span class='ocrx_word' id='word_1_164' title='bbox 979 2573 1032 2634; x_wconf 90' lang='lat' dir='ltr'><strong>ego</strong></span> <span class='ocrx_word' id='word_1_165' title='bbox 1047 2563 1081 2617; x_wconf 89' lang='lat' dir='ltr'><strong>ut</strong></span> <span class='ocrx_word' id='word_1_166' title='bbox 1095 2574 1199 2635; x_wconf 85' lang='lat' dir='ltr'><strong>exper-</strong></span> 
     </span>
    </p>
   </div>
   <div class='ocr_carea' id='block_1_10' title="bbox 104 2772 1199 3062">
    <p class='ocr_par' dir='ltr' id='par_1_13' title="bbox 104 2772 1199 2988">
     <span class='ocr_line' id='line_1_27' title="bbox 105 2772 1198 2844; baseline 0 -18"><span class='ocrx_word' id='word_1_167' title='bbox 105 2772 176 2827; x_wconf 86' lang='lat' dir='ltr'><strong>oeum’</strong></span> <span class='ocrx_word' id='word_1_168' title='bbox 196 2782 312 2843; x_wconf 76' lang='lat' dir='ltr'><strong>Danaae,</strong></span> <span class='ocrx_word' id='word_1_169' title='bbox 332 2781 465 2841; x_wconf 77' lang='lat' dir='ltr'><strong>Puteanus</strong></span> <span class='ocrx_word' id='word_1_170' title='bbox 573 2787 761 2844; x_wconf 82' lang='lat' dir='ltr'><strong>gastrarumque</strong></span> <span class='ocrx_word' id='word_1_171' title='bbox 779 2778 815 2826; x_wconf 90' lang='lat' dir='ltr'><strong>Lt</strong></span> <span class='ocrx_word' id='word_1_172' title='bbox 827 2785 850 2827; x_wconf 90' lang='lat' dir='ltr'><strong>et</strong></span> <span class='ocrx_word' id='word_1_173' title='bbox 862 2777 1012 2844; x_wconf 79' lang='lat' dir='ltr'><strong>praeposito</strong></span> <span class='ocrx_word' id='word_1_174' title='bbox 1030 2777 1149 2827; x_wconf 65' lang='lat' dir='ltr'><strong>astenses</strong></span> <span class='ocrx_word' id='word_1_175' title='bbox 1163 2795 1198 2843; x_wconf 83' lang='lat' dir='ltr'><strong>p.-</strong></span> 
     </span>
     <span class='ocr_line' id='line_1_28' title="bbox 104 2847 1199 2916; baseline 0.003 -18"><span class='ocrx_word' id='word_1_176' title='bbox 104 2857 281 2916; x_wconf 83' lang='lat' dir='ltr'><strong>gastrarumque</strong></span> <span class='ocrx_word' id='word_1_177' title='bbox 297 2852 462 2916; x_wconf 82' lang='lat' dir='ltr'><strong>Wouzoers&#39;us,</strong></span> <span class='ocrx_word' id='word_1_178' title='bbox 475 2860 644 2914; x_wconf 87' lang='lat' dir='ltr'><strong>testarumque</strong></span> <span class='ocrx_word' id='word_1_179' title='bbox 658 2849 722 2904; x_wconf 74' lang='lat' dir='ltr'><strong>LF.</strong></span> <span class='ocrx_word' id='word_1_180' title='bbox 730 2847 885 2913; x_wconf 74' lang='lat' dir='ltr'><strong>Gronouins,</strong></span> <span class='ocrx_word' id='word_1_181' title='bbox 898 2851 1086 2914; x_wconf 83' lang='lat' dir='ltr'><strong>glarearumque</strong></span> <span class='ocrx_word' id='word_1_182' title='bbox 1095 2849 1199 2914; x_wconf 74' lang='lat' dir='ltr'><strong>Dauno,</strong></span> 
     </span>
     <span class='ocr_line' id='line_1_29' title="bbox 106 2920 841 2988; baseline 0.001 -19"><span class='ocrx_word' id='word_1_183' title='bbox 106 2937 286 2988; x_wconf 87' lang='lat' dir='ltr'><strong>grumorumque</strong></span> <span class='ocrx_word' id='word_1_184' title='bbox 305 2923 486 2986; x_wconf 83' lang='lat' dir='ltr'><strong>Bourdedotus‚</strong></span> <span class='ocrx_word' id='word_1_185' title='bbox 506 2925 664 2984; x_wconf 76' lang='lat' dir='ltr'><strong>cuneumque</strong></span> <span class='ocrx_word' id='word_1_186' title='bbox 686 2920 841 2970; x_wconf 77' lang='lat' dir='ltr'><strong>Tornaesius</strong></span> 
     </span>
    </p>

    <p class='ocr_par' dir='ltr' id='par_1_14' title="bbox 171 2991 1197 3062">
     <span class='ocr_line' id='line_1_30' title="bbox 171 2991 1197 3062; baseline -0.001 -19"><span class='ocrx_word' id='word_1_187' title='bbox 171 2999 181 3042; x_wconf 97' lang='lat' dir='ltr'><strong>l</strong></span> <span class='ocrx_word' id='word_1_188' title='bbox 201 2997 334 3046; x_wconf 87' lang='lat' dir='ltr'><strong>eminentia</strong></span> <span class='ocrx_word' id='word_1_189' title='bbox 352 2994 510 3045; x_wconf 87' lang='lat' dir='ltr'><strong>Munoberus</strong></span> <span class='ocrx_word' id='word_1_190' title='bbox 618 2996 633 3041; x_wconf 78' lang='lat'><strong>2</strong></span> <span class='ocrx_word' id='word_1_191' title='bbox 653 2992 768 3042; x_wconf 85' lang='lat' dir='ltr'><strong>Gnitonis</strong></span> <span class='ocrx_word' id='word_1_192' title='bbox 786 2993 811 3040; x_wconf 90' lang='lat' dir='ltr'><em>L</em></span> <span class='ocrx_word' id='word_1_193' title='bbox 931 2991 1013 3057; x_wconf 74' lang='lat' dir='ltr'><strong>&#39;pridie</strong></span> <span class='ocrx_word' id='word_1_194' title='bbox 1027 2999 1072 3062; x_wconf 78' lang='lat' dir='ltr'><strong>pt:</strong></span> <span class='ocrx_word' id='word_1_195' title='bbox 1089 2995 1197 3057; x_wconf 87' lang='lat' dir='ltr'><strong>prudens</strong></span> 
     </span>
    </p>
   </div>
   <div class='ocr_carea' id='block_1_11' title="bbox 102 3086 1200 4325">
    <p class='ocr_par' dir='ltr' id='par_1_15' title="bbox 104 3086 1198 3396">
     <span class='ocr_line' id='line_1_31' title="bbox 106 3086 1198 3182; baseline 0.002 -18"><span class='ocrx_word' id='word_1_196' title='bbox 106 3115 132 3179; x_wconf 88' lang='lat' dir='ltr'><strong>L,</strong></span> <span class='ocrx_word' id='word_1_197' title='bbox 149 3122 221 3182; x_wconf 84' lang='lat' dir='ltr'><strong>prode</strong></span> <span class='ocrx_word' id='word_1_198' title='bbox 239 3127 313 3170; x_wconf 87' lang='lat' dir='ltr'><strong>uetus</strong></span> <span class='ocrx_word' id='word_1_199' title='bbox 338 3117 450 3168; x_wconf 89' lang='lat' dir='ltr'><strong>Puteani</strong></span> <span class='ocrx_word' id='word_1_200' title='bbox 595 3121 609 3167; x_wconf 86' lang='grc'>3</span> <span class='ocrx_word' id='word_1_201' title='bbox 629 3086 716 3182; x_wconf 62' lang='grc' dir='ltr'>ςοησησσ</span> <span class='ocrx_word' id='word_1_202' title='bbox 735 3117 760 3165; x_wconf 89' lang='lat' dir='ltr'><strong><em>L</em></strong></span> <span class='ocrx_word' id='word_1_203' title='bbox 891 3125 958 3167; x_wconf 90' lang='lat' dir='ltr'><strong>oreta</strong></span> <span class='ocrx_word' id='word_1_204' title='bbox 975 3133 1038 3180; x_wconf 82' lang='lat' dir='ltr'><strong>quae</strong></span> <span class='ocrx_word' id='word_1_205' title='bbox 1056 3117 1198 3182; x_wconf 81' lang='lat' dir='ltr'><strong>Puteanus,</strong></span> 
     </span>
     <span class='ocr_line' id='line_1_32' title="bbox 104 3183 1197 3255; baseline 0.004 -20"><span class='ocrx_word' id='word_1_206' title='bbox 104 3203 182 3255; x_wconf 79' lang='lat' dir='ltr'><strong>marpo</strong></span> <span class='ocrx_word' id='word_1_207' title='bbox 200 3199 221 3240; x_wconf 86' lang='lat' dir='ltr'><strong>t:</strong></span> <span class='ocrx_word' id='word_1_208' title='bbox 246 3197 339 3254; x_wconf 86' lang='lat' dir='ltr'><strong>certaq.</strong></span> <span class='ocrx_word' id='word_1_209' title='bbox 358 3189 391 3254; x_wconf 87' lang='lat' dir='ltr'><strong>L,</strong></span> <span class='ocrx_word' id='word_1_210' title='bbox 415 3199 530 3253; x_wconf 86' lang='lat' dir='ltr'><strong>certaque</strong></span> <span class='ocrx_word' id='word_1_211' title='bbox 545 3197 585 3252; x_wconf 80' lang='lat' dir='ltr'><strong>pt.</strong></span> <span class='ocrx_word' id='word_1_212' title='bbox 620 3183 668 3238; x_wconf 85' lang='lat' dir='ltr'><strong>‘sia</strong></span> <span class='ocrx_word' id='word_1_213' title='bbox 691 3196 776 3251; x_wconf 72' lang='lat' dir='ltr'><strong>nemo,</strong></span> <span class='ocrx_word' id='word_1_214' title='bbox 806 3205 859 3238; x_wconf 85' lang='lat' dir='ltr'><strong>non</strong></span> <span class='ocrx_word' id='word_1_215' title='bbox 883 3197 950 3255; x_wconf 70' lang='lat' dir='ltr'><strong>oretq</strong></span> <span class='ocrx_word' id='word_1_216' title='bbox 973 3183 1046 3252; x_wconf 85' lang='lat' dir='ltr'><strong>quae’</strong></span> <span class='ocrx_word' id='word_1_217' title='bbox 1059 3188 1197 3239; x_wconf 79' lang='lat' dir='ltr'><strong>Pithoeus.</strong></span> 
     </span>
     <span class='ocr_line' id='line_1_33' title="bbox 105 3259 1082 3323; baseline 0.002 -16"><span class='ocrx_word' id='word_1_218' title='bbox 105 3273 172 3323; x_wconf 88' lang='lat' dir='ltr'><strong>eaque</strong></span> <span class='ocrx_word' id='word_1_219' title='bbox 190 3261 348 3312; x_wconf 85' lang='lat' dir='ltr'><strong>Munoberus</strong></span> <span class='ocrx_word' id='word_1_220' title='bbox 468 3265 484 3310; x_wconf 82' lang='lat'>4</span> <span class='ocrx_word' id='word_1_221' title='bbox 502 3262 630 3310; x_wconf 80' lang='lat' dir='ltr'><strong>linimento</strong></span> <span class='ocrx_word' id='word_1_222' title='bbox 648 3259 773 3310; x_wconf 84' lang='lat' dir='ltr'><strong>Heinsius</strong></span> <span class='ocrx_word' id='word_1_223' title='bbox 899 3262 914 3308; x_wconf 85' lang='lat'><strong>5</strong></span> <span class='ocrx_word' id='word_1_224' title='bbox 934 3262 1038 3323; x_wconf 86' lang='lat' dir='ltr'><strong>quanuis</strong></span> <span class='ocrx_word' id='word_1_225' title='bbox 1057 3261 1082 3309; x_wconf 88' lang='lat' dir='ltr'><strong><em>L</em></strong></span> 
     </span>
     <span class='ocr_line' id='line_1_34' title="bbox 106 3329 1055 3396; baseline 0.002 -19"><span class='ocrx_word' id='word_1_226' title='bbox 106 3332 282 3383; x_wconf 83' lang='lat' dir='ltr'><strong>bdinersitores</strong></span> <span class='ocrx_word' id='word_1_227' title='bbox 300 3331 367 3382; x_wconf 79' lang='lat' dir='ltr'><strong>libri.</strong></span> <span class='ocrx_word' id='word_1_228' title='bbox 405 3334 518 3383; x_wconf 89' lang='lat' dir='ltr'><strong>diuersat.</strong></span> <span class='ocrx_word' id='word_1_229' title='bbox 545 3340 569 3381; x_wconf 91' lang='lat' dir='ltr'><strong>et</strong></span> <span class='ocrx_word' id='word_1_230' title='bbox 591 3333 728 3381; x_wconf 85' lang='lat' dir='ltr'><strong>diriuitores</strong></span> <span class='ocrx_word' id='word_1_231' title='bbox 754 3329 800 3380; x_wconf 87' lang='lat' dir='ltr'><strong>sed</strong></span> <span class='ocrx_word' id='word_1_232' title='bbox 822 3329 905 3380; x_wconf 82' lang='lat' dir='ltr'><strong>deleta</strong></span> <span class='ocrx_word' id='word_1_233' title='bbox 922 3348 1012 3396; x_wconf 66' lang='lat' dir='ltr'><strong>margo</strong></span> <span class='ocrx_word' id='word_1_234' title='bbox 1030 3330 1055 3380; x_wconf 95' lang='lat' dir='ltr'><strong><em>L</em></strong></span> 
     </span>
    </p>

    <p class='ocr_par' dir='ltr' id='par_1_16' title="bbox 102 3401 1200 4325">
     <span class='ocr_line' id='line_1_35' title="bbox 106 3401 1198 3467; baseline 0.002 -19"><span class='ocrx_word' id='word_1_235' title='bbox 106 3405 115 3448; x_wconf 87' lang='grc'><strong>1</strong></span> <span class='ocrx_word' id='word_1_236' title='bbox 134 3405 222 3454; x_wconf 89' lang='lat' dir='ltr'><strong>auidius</strong></span> <span class='ocrx_word' id='word_1_237' title='bbox 240 3404 374 3467; x_wconf 83' lang='lat' dir='ltr'><strong>Heinsius,</strong></span> <span class='ocrx_word' id='word_1_238' title='bbox 392 3405 483 3452; x_wconf 84' lang='lat' dir='ltr'><strong>lautius</strong></span> <span class='ocrx_word' id='word_1_239' title='bbox 502 3402 634 3453; x_wconf 70' lang='lat' dir='ltr'><strong>Iocabatur</strong></span> <span class='ocrx_word' id='word_1_240' title='bbox 743 3405 757 3452; x_wconf 89' lang='grc'><strong>9</strong></span> <span class='ocrx_word' id='word_1_241' title='bbox 777 3403 949 3452; x_wconf 88' lang='lat' dir='ltr'><strong>interuenisset</strong></span> <span class='ocrx_word' id='word_1_242' title='bbox 962 3418 993 3465; x_wconf 82' lang='lat' dir='ltr'><strong>p,</strong></span> <span class='ocrx_word' id='word_1_243' title='bbox 1011 3417 1101 3466; x_wconf 72' lang='lat' dir='ltr'><strong>margo</strong></span> <span class='ocrx_word' id='word_1_244' title='bbox 1114 3401 1139 3449; x_wconf 89' lang='lat' dir='ltr'><strong><em>L</em></strong></span> <span class='ocrx_word' id='word_1_245' title='bbox 1156 3402 1198 3451; x_wconf 86' lang='lat' dir='ltr'><strong>oui</strong></span> 
     </span>
     <span class='ocr_line' id='line_1_36' title="bbox 104 3472 1200 3538; baseline 0.002 -18"><span class='ocrx_word' id='word_1_246' title='bbox 104 3473 169 3524; x_wconf 87' lang='lat' dir='ltr'><strong>etiam</strong></span> <span class='ocrx_word' id='word_1_247' title='bbox 187 3478 211 3524; x_wconf 92' lang='lat' dir='ltr'><strong>ni</strong></span> <span class='ocrx_word' id='word_1_248' title='bbox 228 3477 336 3526; x_wconf 85' lang='lat' dir='ltr'><strong>uenisset</strong></span> <span class='ocrx_word' id='word_1_249' title='bbox 353 3475 506 3538; x_wconf 81' lang='lat' dir='ltr'><strong>inscriptum</strong></span> <span class='ocrx_word' id='word_1_250' title='bbox 524 3482 575 3525; x_wconf 82' lang='lat' dir='ltr'><strong>est:</strong></span> <span class='ocrx_word' id='word_1_251' title='bbox 592 3475 727 3523; x_wconf 85' lang='lat' dir='ltr'><strong>inuenisset</strong></span> <span class='ocrx_word' id='word_1_252' title='bbox 744 3473 780 3522; x_wconf 92' lang='lat' dir='ltr'><strong>Lt</strong></span> <span class='ocrx_word' id='word_1_253' title='bbox 892 3473 1041 3522; x_wconf 73' lang='lat' dir='ltr'><strong>asteriscum</strong></span> <span class='ocrx_word' id='word_1_254' title='bbox 1059 3472 1200 3536; x_wconf 78' lang='lat' dir='ltr'><strong>interponit</strong></span> 
     </span>
     <span class='ocr_line' id='line_1_37' title="bbox 105 3542 1157 3610; baseline 0.002 -18"><span class='ocrx_word' id='word_1_255' title='bbox 105 3545 188 3609; x_wconf 84' lang='lat' dir='ltr'><strong>t,xL,</strong></span> <span class='ocrx_word' id='word_1_256' title='bbox 206 3565 230 3596; x_wconf 82' lang='lat' dir='ltr'><strong>x.</strong></span> <span class='ocrx_word' id='word_1_257' title='bbox 240 3563 262 3610; x_wconf 84' lang='lat' dir='ltr'><strong>p</strong></span> <span class='ocrx_word' id='word_1_258' title='bbox 275 3545 345 3598; x_wconf 88' lang='lat' dir='ltr'><strong>uode</strong></span> <span class='ocrx_word' id='word_1_259' title='bbox 359 3545 735 3598; x_wconf 80' lang='lat' dir='ltr'><strong>decemiusulseincsdaarnnt.</strong></span> <span class='ocrx_word' id='word_1_260' title='bbox 762 3544 841 3607; x_wconf 82' lang='lat' dir='ltr'><strong>plane</strong></span> <span class='ocrx_word' id='word_1_261' title='bbox 854 3542 1044 3594; x_wconf 82' lang='lat' dir='ltr'><strong>haselacerata</strong></span> <span class='ocrx_word' id='word_1_262' title='bbox 1054 3553 1115 3594; x_wconf 75' lang='lat' dir='ltr'><strong>amat</strong></span> <span class='ocrx_word' id='word_1_263' title='bbox 1154 3596 1157 3603; x_wconf 79' lang='grc'>,</span> 
     </span>
     <span class='ocr_line' id='line_1_38' title="bbox 106 3611 1197 3685; baseline 0.002 -22"><span class='ocrx_word' id='word_1_264' title='bbox 106 3617 133 3663; x_wconf 90' lang='grc'><strong>10</strong></span> <span class='ocrx_word' id='word_1_265' title='bbox 150 3620 249 3668; x_wconf 88' lang='lat' dir='ltr'><strong>eandem</strong></span> <span class='ocrx_word' id='word_1_266' title='bbox 261 3619 273 3685; x_wconf 75' lang='lat' dir='ltr'><strong>ll</strong></span> <span class='ocrx_word' id='word_1_267' title='bbox 286 3641 301 3668; x_wconf 71' lang='lat' dir='ltr'><strong>a</strong></span> <span class='ocrx_word' id='word_1_268' title='bbox 314 3611 336 3668; x_wconf 69' lang='lat' dir='ltr'><strong>t⁰</strong></span> <span class='ocrx_word' id='word_1_269' title='bbox 345 3634 399 3667; x_wconf 87' lang='lat' dir='ltr'><strong>ram</strong></span> <span class='ocrx_word' id='word_1_270' title='bbox 418 3617 442 3666; x_wconf 93' lang='lat' dir='ltr'><strong><em>L</em></strong></span> <span class='ocrx_word' id='word_1_271' title='bbox 459 3618 497 3666; x_wconf 86' lang='lat' dir='ltr'><strong>ita</strong></span> <span class='ocrx_word' id='word_1_272' title='bbox 515 3627 545 3668; x_wconf 84' lang='lat' dir='ltr'><strong>ut</strong></span> <span class='ocrx_word' id='word_1_273' title='bbox 556 3617 692 3667; x_wconf 81' lang='lat' dir='ltr'><strong>asteriscus</strong></span> <span class='ocrx_word' id='word_1_274' title='bbox 706 3615 793 3680; x_wconf 79' lang='lat' dir='ltr'><strong>priato</strong></span> <span class='ocrx_word' id='word_1_275' title='bbox 804 3615 894 3666; x_wconf 86' lang='lat' dir='ltr'><strong>nersui</strong></span> <span class='ocrx_word' id='word_1_276' title='bbox 901 3615 1067 3681; x_wconf 81' lang='lat' dir='ltr'><strong>praepositus</strong></span> <span class='ocrx_word' id='word_1_277' title='bbox 1079 3616 1119 3680; x_wconf 83' lang='lat' dir='ltr'><strong>sit,</strong></span> <span class='ocrx_word' id='word_1_278' title='bbox 1139 3632 1197 3666; x_wconf 89' lang='lat' dir='ltr'><strong>ean·</strong></span> 
     </span>
     <span class='ocr_line' id='line_1_39' title="bbox 104 3685 1196 3754; baseline 0.005 -22"><span class='ocrx_word' id='word_1_279' title='bbox 104 3686 152 3736; x_wconf 86' lang='lat' dir='ltr'><strong>dem</strong></span> <span class='ocrx_word' id='word_1_280' title='bbox 168 3696 255 3739; x_wconf 87' lang='lat' dir='ltr'><strong>terram</strong></span> <span class='ocrx_word' id='word_1_281' title='bbox 269 3697 315 3754; x_wconf 79' lang='lat' dir='ltr'><strong>pt:</strong></span> <span class='ocrx_word' id='word_1_282' title='bbox 332 3691 398 3738; x_wconf 87' lang='lat' dir='ltr'><strong>intro</strong></span> <span class='ocrx_word' id='word_1_283' title='bbox 417 3688 602 3752; x_wconf 81' lang='lat' dir='ltr'><strong>Bostrdelatue,</strong></span> <span class='ocrx_word' id='word_1_284' title='bbox 622 3689 756 3738; x_wconf 80' lang='lat' dir='ltr'><strong>fenestram</strong></span> <span class='ocrx_word' id='word_1_285' title='bbox 773 3685 932 3740; x_wconf 81' lang='lat' dir='ltr'><strong>Richardus.</strong></span> <span class='ocrx_word' id='word_1_286' title='bbox 968 3688 1058 3738; x_wconf 82' lang='lat' dir='ltr'><strong>melius</strong></span> <span class='ocrx_word' id='word_1_287' title='bbox 1075 3704 1120 3752; x_wconf 81' lang='lat' dir='ltr'><strong>per</strong></span> <span class='ocrx_word' id='word_1_288' title='bbox 1138 3705 1196 3738; x_wconf 87' lang='lat' dir='ltr'><strong>ean·</strong></span> 
     </span>
     <span class='ocr_line' id='line_1_40' title="bbox 104 3757 1199 3826; baseline 0.004 -21"><span class='ocrx_word' id='word_1_289' title='bbox 104 3757 153 3807; x_wconf 89' lang='lat' dir='ltr'><strong>dem</strong></span> <span class='ocrx_word' id='word_1_290' title='bbox 174 3763 198 3808; x_wconf 90' lang='lat' dir='ltr'><strong>in</strong></span> <span class='ocrx_word' id='word_1_291' title='bbox 222 3763 309 3812; x_wconf 86' lang='lat' dir='ltr'><strong>cellam</strong></span> <span class='ocrx_word' id='word_1_292' title='bbox 332 3768 443 3810; x_wconf 82' lang='lat' dir='ltr'><strong>nostram</strong></span> <span class='ocrx_word' id='word_1_293' title='bbox 457 3768 524 3825; x_wconf 79' lang='lat' dir='ltr'><strong>puto</strong></span> <span class='ocrx_word' id='word_1_294' title='bbox 542 3776 620 3826; x_wconf 84' lang='lat' dir='ltr'><strong>quam</strong></span> <span class='ocrx_word' id='word_1_295' title='bbox 638 3762 663 3808; x_wconf 94' lang='lat' dir='ltr'><strong>in</strong></span> <span class='ocrx_word' id='word_1_296' title='bbox 682 3761 810 3808; x_wconf 76' lang='lat' dir='ltr'><strong>tabernam</strong></span> <span class='ocrx_word' id='word_1_297' title='bbox 954 3759 1086 3810; x_wconf 83' lang='lat' dir='ltr'><strong>asteriscos</strong></span> <span class='ocrx_word' id='word_1_298' title='bbox 1105 3768 1155 3810; x_wconf 84' lang='lat' dir='ltr'><strong>tres</strong></span> <span class='ocrx_word' id='word_1_299' title='bbox 1174 3768 1199 3809; x_wconf 89' lang='lat' dir='ltr'><strong>et</strong></span> 
     </span>
     <span class='ocr_line' id='line_1_41' title="bbox 104 3829 1196 3897; baseline 0.004 -19"><span class='ocrx_word' id='word_1_300' title='bbox 104 3839 213 3889; x_wconf 77' lang='lat' dir='ltr'><strong>quatuor</strong></span> <span class='ocrx_word' id='word_1_301' title='bbox 230 3833 398 3897; x_wconf 75' lang='lat' dir='ltr'><strong>interponunt</strong></span> <span class='ocrx_word' id='word_1_302' title='bbox 414 3830 469 3896; x_wconf 82' lang='lat' dir='ltr'><strong>Lpt</strong></span> <span class='ocrx_word' id='word_1_303' title='bbox 576 3833 606 3879; x_wconf 88' lang='lat'><strong>11</strong></span> <span class='ocrx_word' id='word_1_304' title='bbox 628 3832 660 3880; x_wconf 89' lang='lat' dir='ltr'><strong>dii</strong></span> <span class='ocrx_word' id='word_1_305' title='bbox 678 3829 738 3880; x_wconf 77' lang='lat' dir='ltr'><strong>libri</strong></span> <span class='ocrx_word' id='word_1_306' title='bbox 854 3831 886 3879; x_wconf 83' lang='lat'><strong>12</strong></span> <span class='ocrx_word' id='word_1_307' title='bbox 907 3832 1008 3880; x_wconf 82' lang='lat' dir='ltr'><strong>calentis</strong></span> <span class='ocrx_word' id='word_1_308' title='bbox 1026 3839 1057 3881; x_wconf 86' lang='lat' dir='ltr'><strong>ut</strong></span> <span class='ocrx_word' id='word_1_309' title='bbox 1074 3831 1138 3882; x_wconf 84' lang='lat' dir='ltr'><strong>mihi</strong></span> <span class='ocrx_word' id='word_1_310' title='bbox 1155 3832 1196 3882; x_wconf 88' lang='lat' dir='ltr'><strong>ui-</strong></span> 
     </span>
     <span class='ocr_line' id='line_1_42' title="bbox 105 3897 1196 3967; baseline 0.004 -19"><span class='ocrx_word' id='word_1_311' title='bbox 105 3897 201 3952; x_wconf 79' lang='lat' dir='ltr'><strong>debatur</strong></span> <span class='ocrx_word' id='word_1_312' title='bbox 218 3905 242 3953; x_wconf 93' lang='lat' dir='ltr'><strong><em>L</em></strong></span> <span class='ocrx_word' id='word_1_313' title='bbox 364 3905 396 3952; x_wconf 84' lang='lat'><strong>15</strong></span> <span class='ocrx_word' id='word_1_314' title='bbox 416 3919 489 3953; x_wconf 87' lang='lat' dir='ltr'><strong>curae</strong></span> <span class='ocrx_word' id='word_1_315' title='bbox 508 3904 628 3953; x_wconf 85' lang='lat' dir='ltr'><strong>Mortales</strong></span> <span class='ocrx_word' id='word_1_316' title='bbox 646 3918 735 3967; x_wconf 69' lang='lat' dir='ltr'><strong>margo</strong></span> <span class='ocrx_word' id='word_1_317' title='bbox 754 3909 770 3964; x_wconf 92' lang='lat' dir='ltr'><strong>t,</strong></span> <span class='ocrx_word' id='word_1_318' title='bbox 790 3916 879 3964; x_wconf 80' lang='lat' dir='ltr'><strong>nernpe</strong></span> <span class='ocrx_word' id='word_1_319' title='bbox 894 3910 953 3964; x_wconf 81' lang='lat' dir='ltr'><strong>post</strong></span> <span class='ocrx_word' id='word_1_320' title='bbox 970 3919 1044 3953; x_wconf 86' lang='lat' dir='ltr'><strong>corae</strong></span> <span class='ocrx_word' id='word_1_321' title='bbox 1062 3903 1196 3966; x_wconf 80' lang='lat' dir='ltr'><strong>interpun-</strong></span> 
     </span>
     <span class='ocr_line' id='line_1_43' title="bbox 102 3971 1197 4038; baseline 0.004 -18"><span class='ocrx_word' id='word_1_322' title='bbox 102 3981 158 4033; x_wconf 71' lang='lat' dir='ltr'><strong>gont</strong></span> <span class='ocrx_word' id='word_1_323' title='bbox 172 3973 230 4026; x_wconf 83' lang='lat' dir='ltr'><strong>libri</strong></span> <span class='ocrx_word' id='word_1_324' title='bbox 372 3977 482 4025; x_wconf 85' lang='lat' dir='ltr'><strong>mortalis</strong></span> <span class='ocrx_word' id='word_1_325' title='bbox 502 3989 548 4038; x_wconf 87' lang='lat' dir='ltr'><strong>ego</strong></span> <span class='ocrx_word' id='word_1_326' title='bbox 567 3989 629 4025; x_wconf 90' lang='lat' dir='ltr'><strong>sum.</strong></span> <span class='ocrx_word' id='word_1_327' title='bbox 648 3975 683 4022; x_wconf 88' lang='lat' dir='ltr'><strong>sie</strong></span> <span class='ocrx_word' id='word_1_328' title='bbox 701 3975 781 4036; x_wconf 88' lang='lat' dir='ltr'><strong>perire</strong></span> <span class='ocrx_word' id='word_1_329' title='bbox 800 3971 863 4021; x_wconf 82' lang='lat' dir='ltr'><strong>LT:</strong></span> <span class='ocrx_word' id='word_1_330' title='bbox 889 3975 1004 4024; x_wconf 84' lang='lat' dir='ltr'><strong>mortales</strong></span> <span class='ocrx_word' id='word_1_331' title='bbox 1024 3990 1071 4038; x_wconf 87' lang='lat' dir='ltr'><strong>ego</strong></span> <span class='ocrx_word' id='word_1_332' title='bbox 1090 3976 1125 4024; x_wconf 85' lang='lat' dir='ltr'><strong>aio</strong></span> <span class='ocrx_word' id='word_1_333' title='bbox 1144 3977 1197 4035; x_wconf 85' lang='lat' dir='ltr'><strong>pire</strong></span> 
     </span>
     <span class='ocr_line' id='line_1_44' title="bbox 103 4043 1196 4110; baseline 0.006 -21"><span class='ocrx_word' id='word_1_334' title='bbox 103 4057 180 4109; x_wconf 81' lang='lat' dir='ltr'><strong>narpo</strong></span> <span class='ocrx_word' id='word_1_335' title='bbox 192 4047 224 4109; x_wconf 85' lang='lat' dir='ltr'><strong>L,</strong></span> <span class='ocrx_word' id='word_1_336' title='bbox 242 4048 354 4096; x_wconf 84' lang='lat' dir='ltr'><strong>mortalis</strong></span> <span class='ocrx_word' id='word_1_337' title='bbox 371 4062 418 4110; x_wconf 88' lang='lat' dir='ltr'><strong>ego</strong></span> <span class='ocrx_word' id='word_1_338' title='bbox 431 4047 466 4097; x_wconf 85' lang='lat' dir='ltr'><strong>sic</strong></span> <span class='ocrx_word' id='word_1_339' title='bbox 479 4047 558 4109; x_wconf 86' lang='lat' dir='ltr'><strong>perire</strong></span> <span class='ocrx_word' id='word_1_340' title='bbox 567 4053 607 4108; x_wconf 83' lang='lat' dir='ltr'><strong>pt.</strong></span> <span class='ocrx_word' id='word_1_341' title='bbox 636 4045 764 4094; x_wconf 82' lang='lat' dir='ltr'><strong>mordaces</strong></span> <span class='ocrx_word' id='word_1_342' title='bbox 777 4043 947 4095; x_wconf 78' lang='lat' dir='ltr'><strong>Burnemrnus</strong></span> <span class='ocrx_word' id='word_1_343' title='bbox 960 4045 1088 4096; x_wconf 85' lang='lat' dir='ltr'><strong>secundus</strong></span> <span class='ocrx_word' id='word_1_344' title='bbox 1101 4045 1196 4098; x_wconf 79' lang='lat' dir='ltr'><strong>anthol.</strong></span> 
     </span>
     <span class='ocr_line' id='line_1_45' title="bbox 104 4111 1197 4183; baseline 0.005 -21"><span class='ocrx_word' id='word_1_345' title='bbox 104 4111 152 4162; x_wconf 86' lang='grc' dir='ltr'><strong>ΠΙ</strong></span> <span class='ocrx_word' id='word_1_346' title='bbox 161 4119 219 4177; x_wconf 68' lang='lat' dir='ltr'><strong>aba·</strong></span> <span class='ocrx_word' id='word_1_347' title='bbox 230 4118 289 4182; x_wconf 87' lang='lat' dir='ltr'><strong>suit</strong></span> <span class='ocrx_word' id='word_1_348' title='bbox 306 4117 353 4181; x_wconf 88' lang='lat' dir='ltr'><strong>qui</strong></span> <span class='ocrx_word' id='word_1_349' title='bbox 370 4121 493 4183; x_wconf 83' lang='lat' dir='ltr'><strong>suspirare</strong></span> <span class='ocrx_word' id='word_1_350' title='bbox 511 4115 649 4166; x_wconf 85' lang='lat' dir='ltr'><strong>adnotaret</strong></span> <span class='ocrx_word' id='word_1_351' title='bbox 665 4114 797 4180; x_wconf 72' lang='lat' dir='ltr'><strong>neglegens</strong></span> <span class='ocrx_word' id='word_1_352' title='bbox 814 4130 981 4166; x_wconf 81' lang='lat' dir='ltr'><strong>numerorum</strong></span> <span class='ocrx_word' id='word_1_353' title='bbox 1073 4121 1104 4166; x_wconf 89' lang='grc'><strong>16</strong></span> <span class='ocrx_word' id='word_1_354' title='bbox 1123 4118 1197 4167; x_wconf 86' lang='lat' dir='ltr'><strong>remi·</strong></span> 
     </span>
     <span class='ocr_line' id='line_1_46' title="bbox 104 4185 1125 4240; baseline 0.005 -9"><span class='ocrx_word' id='word_1_355' title='bbox 104 4185 179 4236; x_wconf 85' lang='lat' dir='ltr'><strong>sissem</strong></span> <span class='ocrx_word' id='word_1_356' title='bbox 191 4188 323 4239; x_wconf 83' lang='lat' dir='ltr'><strong>Iaeobsius</strong></span> <span class='ocrx_word' id='word_1_357' title='bbox 416 4193 446 4240; x_wconf 87' lang='grc'><strong>19</strong></span> <span class='ocrx_word' id='word_1_358' title='bbox 461 4203 511 4238; x_wconf 93' lang='lat' dir='ltr'><strong>non</strong></span> <span class='ocrx_word' id='word_1_359' title='bbox 524 4195 583 4237; x_wconf 78' lang='lat' dir='ltr'><strong>onte</strong></span> <span class='ocrx_word' id='word_1_360' title='bbox 595 4201 641 4236; x_wconf 86' lang='lat' dir='ltr'><strong>suo</strong></span> <span class='ocrx_word' id='word_1_361' title='bbox 654 4202 701 4239; x_wconf 82' lang='lat' dir='ltr'><strong>mn.</strong></span> <span class='ocrx_word' id='word_1_362' title='bbox 711 4186 737 4234; x_wconf 92' lang='lat' dir='ltr'><strong><em>L</em></strong></span> <span class='ocrx_word' id='word_1_363' title='bbox 824 4187 939 4237; x_wconf 86' lang='lat' dir='ltr'><strong>iniuriam</strong></span> <span class='ocrx_word' id='word_1_364' title='bbox 953 4203 1023 4238; x_wconf 89' lang='lat' dir='ltr'><strong>snam</strong></span> <span class='ocrx_word' id='word_1_365' title='bbox 1036 4190 1089 4238; x_wconf 86' lang='lat' dir='ltr'><strong>sine</strong></span> <span class='ocrx_word' id='word_1_366' title='bbox 1099 4188 1125 4236; x_wconf 95' lang='lat' dir='ltr'><strong><em>L</em></strong></span> 
     </span>
     <span class='ocr_line' id='line_1_47' title="bbox 103 4254 925 4325; baseline 0.009 -24"><span class='ocrx_word' id='word_1_367' title='bbox 103 4254 258 4311; x_wconf 84' lang='lat' dir='ltr'><strong>indormitauit</strong></span> <span class='ocrx_word' id='word_1_368' title='bbox 275 4268 292 4325; x_wconf 91' lang='lat' dir='ltr'><strong>t,</strong></span> <span class='ocrx_word' id='word_1_369' title='bbox 311 4275 364 4310; x_wconf 86' lang='lat' dir='ltr'><strong>non</strong></span> <span class='ocrx_word' id='word_1_370' title='bbox 378 4258 403 4308; x_wconf 82' lang='grc' dir='ltr'><em>Τ</em></span> <span class='ocrx_word' id='word_1_371' title='bbox 506 4261 539 4308; x_wconf 81' lang='lat'><strong>20</strong></span> <span class='ocrx_word' id='word_1_372' title='bbox 559 4265 587 4308; x_wconf 88' lang='lat' dir='ltr'><strong>ut</strong></span> <span class='ocrx_word' id='word_1_373' title='bbox 599 4256 831 4321; x_wconf 77' lang='lat' dir='ltr'><strong>prastsmiscrant</strong></span> <span class='ocrx_word' id='word_1_374' title='bbox 846 4257 925 4325; x_wconf 64' lang='lat' dir='ltr'><strong>uulgo</strong></span> 
     </span>
    </p>
   </div>
   <div class='ocr_carea' id='block_1_12' title="bbox 0 0 1516 4956">
    <p class='ocr_par' dir='ltr' id='par_1_17' title="bbox 0 0 1516 4956">
     <span class='ocr_line' id='line_1_48' title="bbox 0 0 1516 4956; baseline 0 0"><span class='ocrx_word' id='word_1_375' title='bbox 0 0 1516 4956; x_wconf 95' lang='lat' dir='ltr'><strong> </strong></span> 
     </span>
    </p>
   </div>
  </div>
 </body>
</html>
