3008 4962
584 398 727 452 sennan
1167 403 1208 466 53

63 555 133 616 ude
154 554 255 616 tabula
269 572 332 617 non
347 554 431 616 tollit.
461 555 633 636 ingeniosus
654 562 699 617 est
718 562 747 617 et
765 555 844 616 bono
865 555 927 629 filo,
947 554 1033 616 etiam
1054 555 1079 616 si
1097 555 1127 618 in
1142 574 1208 618 aves

98 654 261 715 morbosus
282 661 334 716 est.
365 672 420 732 ego
439 654 478 715 illi
498 654 557 716 iam
577 661 638 715 tres
660 654 788 716 cardeles
808 654 901 716 occidi
921 661 950 716 et
968 653 1026 716 dixi
1045 654 1125 734 quod
1141 672 1208 717 mu-

98 752 178 813 stella
195 751 331 813 comedit.
361 751 472 814 invenit
490 758 590 813 tamen
608 753 676 814 alias
696 753 829 825 naenias,
850 757 880 812 et
897 751 1091 814 libentissime
1106 753 1208 832 pingit.

99 857 229 912 ceterum
251 851 307 912 iarn
324 849 471 912 Graeculis
493 849 599 911 calcem
618 849 754 932 impingit
772 859 800 914 et
814 849 930 912 Latinas
947 850 1043 930 coepit
1057 868 1119 912 non
1134 853 1210 914 male

71 961 83 1010 5
101 955 249 1028 appetere,
266 948 350 1010 etiam
368 949 393 1010 si
408 947 547 1028 magister
561 947 623 1008 eius
639 948 694 1009 sibi
709 950 826 1030 placens
842 949 889 1011 sit.
919 966 973 1010 nec
983 965 1043 1010 nno
1055 949 1121 1011 loco
1135 967 1208 1011 con-

99 1047 188 1120 sistit,
212 1048 266 1109 sed
287 1047 378 1122 venit,
399 1047 466 1109 dem
486 1046 609 1117 litteras,
630 1046 681 1106 sed
701 1066 763 1110 non
783 1048 842 1110 vult
863 1047 1004 1109 laborare.
1034 1055 1079 1110 est
1094 1055 1123 1109 et
1137 1047 1209 1110 alter

100 1164 157 1207 non
174 1145 296 1225 quidem
312 1146 427 1218 doctus,
440 1145 492 1207 sed
509 1142 653 1218 curiosus,
670 1147 719 1224 qui
736 1147 801 1226 plus
814 1147 899 1208 docet
914 1165 1000 1226 quam
1017 1148 1081 1209 scit
1111 1145 1209 1227 itaque

99 1243 206 1304 feriatis
223 1243 328 1305 diebus
345 1244 420 1306 solet
435 1245 557 1306 domum
572 1242 684 1317 venire,
707 1251 736 1305 et
750 1244 887 1324 quicquid
902 1244 1032 1320 dederis,
1052 1253 1207 1308 contentus

101 1349 151 1404 est.
182 1341 242 1402 emi
258 1360 327 1421 ergo
342 1359 422 1404 nunc
436 1360 529 1421 puero
546 1342 655 1420 aliquot
668 1342 741 1403 libra
755 1341 907 1416 rubricata,
923 1343 989 1422 quia
1001 1343 1066 1404 volo
1079 1344 1159 1406 illum
1171 1345 1206 1406 ad

58 1455 84 1504 to
101 1442 310 1503 domusionem
330 1440 437 1520 aliquid
458 1441 495 1503 de
509 1439 571 1501 iure
586 1447 712 1518 gustare.
742 1441 831 1502 habet
844 1441 916 1502 hace
930 1459 977 1502 res
992 1461 1109 1524 panem.
1138 1461 1209 1505 nam

98 1540 201 1602 litteris
218 1541 292 1602 satis
306 1539 475 1620 inquinatus
491 1545 544 1599 est.
575 1538 653 1617 quod
670 1539 695 1599 si
710 1538 853 1614 resilierit,
869 1539 1009 1602 destinavi
1023 1542 1103 1604 illurn
1115 1542 1208 1603 artili-

100 1637 133 1697 cii
154 1638 276 1711 docere,
299 1645 349 1700 aut
369 1636 565 1698 tonstreinum
585 1645 635 1698 aut
654 1655 831 1716 praeconem
851 1644 900 1699 aut
922 1646 999 1700 certe
1018 1639 1207 1714 causidicum,

101 1736 174 1814 quod
201 1736 245 1797 illi
272 1735 387 1797 auferre
408 1751 471 1795 non
493 1736 590 1814 possit
611 1736 669 1797 nisi
689 1735 794 1797 Orcus.
824 1735 889 1797 ideo
912 1737 951 1798 illi
973 1737 1079 1800 cotidie
1099 1738 1207 1800 clamo:

76 1893 79 1897 .
97 1822 290 1914 “Primigeni,
308 1833 393 1894 crede
408 1832 495 1906 mihi,
512 1834 650 1914 quicquid
666 1834 764 1908 discis,
779 1832 831 1895 tibi
848 1833 946 1896 discis.
977 1835 1057 1897 vides
1073 1836 1208 1898 Philero-

61 1937 86 1987 15
102 1948 166 1992 nem
182 1931 378 1995 causidicum:
401 1930 426 1991 si
446 1948 506 1992 non
521 1932 684 2006 didicisset,
706 1932 795 1993 hodic
809 1931 917 1995 famem
933 1953 949 1996 a
964 1933 1052 1996 labris
1068 1953 1129 1997 non
1145 1935 1207 1998 abi-

101 2038 185 2108 geret.
219 2029 328 2104 modo,
353 2029 443 2090 modo
464 2031 538 2091 collo
559 2050 614 2093 suo
635 2031 857 2094 circumferebat
876 2051 965 2118 onera
984 2033 1107 2106 venalia,
1128 2051 1209 2096 nnnc

102 2129 182 2190 etiarn
205 2129 348 2192 adversus
370 2127 542 2190 Norbanum
565 2148 597 2190 se
618 2130 755 2192 extendit.
786 2129 895 2193 litterae
914 2132 1085 2194 thesaurum
1101 2140 1159 2206 est,
1180 2139 1209 2195 et

102 2227 254 2290 artificium
269 2244 421 2307 nunquam
436 2217 589 2289 moritur?

182 2325 330 2388 eiusmodi
344 2324 458 2387 fabulae
473 2325 634 2400 vibrabant,
651 2344 717 2386 oum
727 2326 903 2390 Trimalchio
919 2327 1036 2391 intravit
1051 2337 1080 2392 et
1094 2331 1208 2393 detersa
1223 2325 1263 2387 47

61 2429 87 2479 to
102 2423 196 2486 fronte
215 2432 368 2504 unguento
389 2442 494 2486 manus
515 2423 582 2485 lavit
601 2425 755 2504 spatioque
772 2426 896 2487 minimo
912 2427 1086 2508 interposito
1104 2418 1207 2506 ‘igno-

104 2523 177 2612 scite
185 2514 271 2584 mihi'
287 2522 382 2603 inquit
393 2512 500 2600 ‘amici
517 2521 616 2583 multis
628 2522 686 2583 iam
699 2523 801 2586 diebus
813 2532 915 2586 venter
925 2525 997 2586 mihi
1009 2543 1069 2586 non
1080 2544 1207 2606 respon-

103 2619 150 2682 dit
179 2640 238 2684 nec
256 2622 361 2684 medici
383 2639 415 2683 se
434 2620 593 2682 inveniunt.
623 2621 735 2700 proluit
753 2621 825 2684 mihi
847 2628 946 2685 tamen
960 2622 1160 2684 maleicorium
1180 2631 1210 2686 et

171 2855 184 2902 1
206 2867 269 2904 ones
285 2853 409 2906 Trillemu
428 2852 597 2905 etReialeins:
615 2853 737 2904 nauesH
823 2858 838 2905 2
858 2857 924 2920 quod
937 2854 1060 2908 edebatur
1078 2873 1096 2908 a
1108 2857 1208 2922 primo:

103 2923 171 2984 q2nt
189 2927 302 2988 estquis
320 2924 354 2975 H
466 2928 481 2975 3
500 2927 586 2976 uenies
605 2926 639 2975 H
651 2943 669 2976 a
680 2926 815 2978 Buraimao
833 2927 958 2992 conlatam,
976 2943 1066 2979 neruos
1084 2928 1153 2980 idem
1171 2945 1208 2982 ae·

104 2995 212 3047 candum
232 2996 352 3061 reliquos.
388 3012 429 3048 reo
446 2997 599 3062 nugatorias
617 2997 733 3064 intellego
753 3005 784 3048 ut
801 3015 858 3063 cap.
877 3003 920 3049 47.
957 3015 1036 3049 nouas
1054 2998 1208 3066 Scleeffemm,

104 3070 213 3118 aemulos
234 3067 359 3118 Heinsius
365 3105 372 3133 ,
395 3070 494 3118 nemias
516 3068 689 3119 lllebmnenua
707 3086 773 3134 quas
786 3087 840 3135 pro
856 3071 1032 3136 neurospaetis
1052 3069 1164 3122 Orioliua
1177 3089 1207 3138 p.

105 3138 136 3186 22
153 3140 256 3206 accipit,
276 3147 301 3189 et
317 3142 432 3190 merulas.
451 3142 610 3192 libentissime
627 3140 749 3191 Belaliua
875 3143 889 3190 5
904 3142 993 3206 potina
1012 3150 1055 3192 est.
1093 3159 1160 3208 quae
1171 3159 1208 3194 ae-

105 3218 193 3261 cuatar
211 3211 323 3261 atnoent
339 3210 376 3261 ad
392 3210 544 3277 magistram
651 3216 665 3262 6
684 3213 840 3276 interpretor
853 3204 938 3263 ‘uenit
949 3223 1040 3279 petens
1058 3221 1087 3263 ut
1104 3214 1209 3265 tradam

105 3281 169 3344 qaod
192 3283 284 3333 litteris
309 3283 448 3349 coruiqnet,
471 3283 650 3349 qrammata'eta
672 3283 750 3334 simul
766 3292 790 3334 et
807 3284 930 3336 libramus
948 3284 985 3335 ad
1001 3278 1128 3335 manam’.
1165 3287 1209 3336 sed

105 3355 170 3403 nouit
187 3356 288 3419 quidem
306 3355 388 3405 literas
407 3356 449 3404 sed
462 3354 592 3418 Reiekiua,
611 3356 630 3404 it
647 3356 717 3409 redit.
736 3357 783 3405 scit
800 3357 900 3419 quidem
913 3357 995 3406 literas
1009 3357 1051 3405 sed
1064 3355 1208 3420 Iacobaiue,

106 3509 142 3542 res
159 3499 201 3546 sed
225 3496 359 3561 Trillerua,
379 3497 421 3546 sed
439 3499 525 3546 uendit
541 3498 674 3547 identidem
691 3499 774 3547 literas
794 3505 818 3547 et
835 3495 981 3562 Scbefferue
1112 3500 1144 3547 10
1164 3500 1208 3547 do·

105 3579 156 3615 mus
173 3569 258 3618 ionem
276 3567 311 3619 H.
350 3571 437 3617 domus
456 3569 585 3618 tuitionem
603 3569 728 3619 Heinsius
855 3570 886 3617 11
906 3569 1000 3618 artificii
1018 3567 1051 3618 H
1053 3587 1061 3616 ε
1078 3570 1209 3620 artificium

107 3633 254 3703 Sebefferue,
274 3641 393 3690 artificem
410 3639 474 3689 mibi
491 3640 520 3690 in
537 3648 644 3690 nentem
661 3646 777 3692 uenerat.
803 3639 925 3689 destinaui
942 3641 1099 3690 nonnihilum
1114 3643 1210 3692 artificii

107 3707 190 3760 docere
202 3711 336 3776 Heinaiau,
355 3712 441 3761 artifici
457 3713 552 3761 elocare
567 3720 609 3761 aut
621 3713 653 3760 ed
666 3713 814 3762 tonstrinum
827 3710 970 3776 Iacobaius,
989 3712 1084 3775 artifici,
1103 3728 1209 3777 coquere

107 3786 146 3828 aut
166 3797 295 3833 consuere.
313 3784 414 3832 medem
432 3790 516 3833 tamen
535 3792 577 3832 aut
595 3799 745 3847 praeconem
759 3782 881 3833 Belaliuo
989 3786 1021 3832 12
1041 3787 1210 3834 constreinum

108 3846 146 3898 H:
163 3855 311 3904 tonstrinum
324 3852 469 3919 Sebosianae
481 3869 569 3920 praue
588 3862 713 3904 tonsorem
730 3855 923 3918 interpretatus.
952 3871 1014 3905 noan
1033 3869 1090 3906 cnm
1108 3870 1140 3905 ccc
1153 3871 1209 3921 cap.

108 3924 140 3969 64
155 3926 302 3974 tonstrinum
327 3926 457 3990 appellari
473 3927 590 3977 melicum
608 3933 747 3990 appareat,
771 3927 916 3977 scaenicum
939 3925 1063 3990 artificem
1085 3926 1210 3992 intellege-

107 4006 158 4043 nae
302 3999 333 4046 13
354 3999 445 4046 orchus
463 3997 497 4048 H
624 4001 655 4046 16
675 3999 742 4046 olera
760 3998 908 4049 maluerunt
924 3995 1070 4063 Sobefferue
1088 4004 1112 4047 et
1128 3997 1210 4048 Hein-

109 4063 158 4114 n'na
265 4071 295 4117 ll
317 4076 442 4119 tesaurum
460 4068 494 4119 H
615 4071 646 4118 19
666 4069 762 4116 deterso
781 4069 862 4120 fronte
881 4077 1008 4133 unguento
1022 4084 1074 4134 pro
1093 4077 1159 4118 terso
1178 4070 1209 4119 de

109 4133 183 4187 tronto
200 4136 352 4204 Sebefferus.
389 4147 516 4204 unguento
537 4153 594 4191 cnm
611 4141 670 4189 lenit
688 4138 795 4204 iungere
807 4141 977 4192 Bunnnnnue
990 4138 1114 4206 cogitauit
1274 4193 1276 4208 .

110 4205 140 4254 20
158 4209 333 4279 specioqneH
417 4213 450 4262 22
470 4209 505 4280 se]
524 4212 631 4262 lenimen
644 4209 780 4263 Iacobeiua
869 4213 1037 4262 maleicorium
1049 4207 1209 4274 Sclaeffcmeaa
