3022 4956
293 423 335 484 46
767 417 921 472 ΡΕΤΒΟΝΠ

292 575 412 638 balneus
434 573 552 635 calfecit.
579 581 676 636 tamen
696 572 775 634 calda
791 573 873 654 potio
889 573 1041 635 vestiarius
1056 581 1109 634 est.
1141 572 1315 634 staminstas
1330 572 1425 633 duriti

294 681 323 734 et
337 675 422 754 plane
438 681 534 734 matus
551 691 626 733 sum.
657 673 743 734 vinus
758 671 829 732 mihi
845 671 875 732 in
892 673 1043 734 cerebrum
1060 663 1147 734 abiit?

164 841 174 862 N
237 771 278 831 42
380 772 492 852 excepit
509 771 646 832 Seleucus
666 772 780 833 fabulae
800 779 911 851 partem
934 777 963 830 et
979 761 1063 849 ‘ego’
1083 771 1179 851 inquit
1195 761 1273 830 ‘non
1296 768 1395 829 cotidie

292 872 388 942 lavor3
408 871 533 932 baliscus
553 870 631 930 enim
649 869 721 930 fullo
737 877 790 930 est.
821 887 894 948 aqua
910 869 1016 928 dentes
1028 869 1127 942 habet,
1146 876 1175 930 et
1195 887 1248 930 cor
1263 875 1394 929 nostrum

294 971 398 1031 cotidie
417 968 558 1048 liquescit.
586 969 638 1030 sed
659 987 725 1030 cum
746 967 831 1028 mulsi
848 966 1003 1045 pultarium
1021 967 1138 1040 obduxi,
1152 968 1255 1046 frigori
1271 965 1395 1028 laecasin
1410 971 1421 1018 5

293 1070 370 1130 dico.
401 1088 454 1131 nec
470 1084 539 1128 sane
554 1066 649 1127 lavare
664 1066 759 1146 potui;
775 1065 816 1126 lui
833 1065 909 1126 enirn
923 1065 1009 1126 hodie
1021 1065 1051 1126 iu
1062 1066 1160 1127 funus.
1192 1067 1284 1126 homo
1297 1065 1395 1136 bellus,

292 1176 352 1230 tam
367 1168 465 1228 bonus
481 1165 680 1243 Chrysanthus
696 1164 822 1224 animam
838 1164 955 1224 ebulliit.
986 1164 1086 1237 modo,
1101 1165 1191 1225 modo
1208 1183 1256 1226 me
1272 1163 1395 1243 appella-

292 1267 340 1327 vit.
371 1266 472 1327 videor
491 1263 563 1324 mihi
584 1281 650 1324 cum
672 1261 719 1321 illo
742 1261 832 1342 loqui.
863 1261 1033 1334 heu,eheu.
1063 1269 1146 1323 utres
1162 1263 1253 1325 inllati
1269 1261 1397 1324 anibula-

293 1383 368 1426 mus
399 1362 522 1423 minoris
543 1379 629 1441 quam
646 1378 766 1421 muscae
782 1379 895 1422 sumus.
925 1379 1040 1422 maestae
1054 1368 1153 1422 tamen
1168 1361 1294 1440 aliquam
1312 1361 1397 1421 virtu-

292 1471 353 1524 tem
373 1461 488 1522 habent.
519 1480 577 1521 nos
598 1477 659 1519 non
679 1458 770 1539 pluris
791 1476 895 1520 sumus
916 1476 1003 1537 quam
1024 1457 1126 1518 bullae.
1157 1460 1272 1539 etquid
1294 1459 1321 1520 si
1339 1474 1396 1518 non
1412 1461 1434 1512 ιι

293 1563 424 1623 abstinax
439 1560 551 1621 fuisset.
583 1559 711 1638 quinque
727 1557 789 1618 dies
806 1576 908 1636 squam
922 1557 952 1617 in
965 1575 999 1616 os
1013 1575 1098 1617 suum
1113 1575 1174 1618 non
1187 1558 1324 1630 coniecit,
1340 1574 1397 1616 non

293 1660 398 1721 micam
424 1659 517 1738 ponis.
553 1665 650 1718 tamen
676 1655 748 1717 abiit
771 1656 806 1716 ad
827 1657 934 1734 plures.
972 1655 1079 1715 medici
1100 1655 1180 1716 illum
1200 1656 1397 1735 perdiderunt,

292 1761 384 1821 immo
401 1759 492 1838 magis
508 1756 602 1818 malus
617 1755 706 1828 fatus3
728 1753 859 1814 medicus
875 1753 952 1813 enim
967 1753 1039 1815 nihil
1054 1754 1130 1816 aliud
1147 1762 1193 1814 est
1208 1773 1297 1833 quarn
1313 1752 1398 1816 animi

293 1860 466 1921 consolatio.
489 1864 588 1917 tamen
600 1855 674 1916 hene
687 1853 778 1913 elatus
792 1859 846 1925 est,
862 1851 938 1912 vitali
948 1850 1033 1926 lecto,
1049 1854 1183 1932 stragulis
1195 1852 1293 1913 bonis.
1318 1853 1398 1932 plan-

294 1964 358 2019 ctus
379 1965 425 2018 est
445 1956 556 2035 optime
574 1989 615 1998 -
636 1970 724 2012 manu
743 1952 824 2012 misit
843 1951 953 2030 aliquot
972 1987 1015 1994 -
1035 1949 1120 2011 etiam
1137 1952 1162 2012 si
1177 1951 1305 2030 maligne
1321 1950 1396 2011 illum
1413 1956 1435 2004 tt

379 2106 474 2114 .-·-..---
487 2106 537 2110 ..--
573 2106 590 2110 ,.

367 2174 459 2222 llotro
471 2171 585 2225 Goeseus
606 2174 721 2237 fortasse
734 2183 777 2238 po
778 2191 801 2222 ro
815 2187 857 2238 op
850 2191 921 2224 rurus
1016 2174 1206 2228 stamiuatasH
1229 2175 1351 2238 potiones
1364 2191 1398 2223 co

291 2245 362 2309 yites.
388 2242 424 2292 ad
437 2233 540 2310 cuiusce
552 2245 657 2294 Idcirres'
637 2262 688 2294 reue
699 2244 844 2309 Sekefferus
857 2247 981 2295 Heinsius
993 2263 1037 2311 eqo
1050 2247 1230 2330 referebamus,
1243 2247 1340 2296 rectius
1344 2245 1399 2311 for

294 2323 359 2365 tasse
377 2314 414 2363 ad
432 2324 527 2366 stamen
541 2317 698 2366 Muuclcerus
720 2325 749 2366 ut
771 2326 827 2367 cout
828 2318 903 2368 irruet
903 2336 920 2366 o
939 2326 990 2368 teret
990 2318 1042 2368 oris
1054 2319 1172 2368 uestiorii
1182 2318 1275 2383 figura
1283 2319 1398 2382 potiones

292 2401 409 2437 meracae
421 2386 567 2452 iutelleqaret
567 2406 607 2453 ur,
623 2405 689 2453 quoe
702 2398 798 2438 stamen
810 2389 890 2438 solum
902 2389 1018 2452 habereut,
1038 2407 1090 2439 riou
1101 2391 1190 2440 immite
1193 2399 1244 2438 torre
1257 2407 1335 2454 quase
1331 2388 1399 2438 sud·

293 2467 373 2509 temere
386 2475 488 2523 aquom.
513 2460 667 2510 staminsrics
681 2459 838 2510 Mesochoros
850 2461 919 2525 quood
929 2462 1004 2510 mimo
1016 2461 1165 2512 Loberiouo
1175 2465 1267 2511 uomeri
1280 2469 1347 2524 erat,
1360 2463 1399 2509 he·

292 2534 398 2581 minatus
417 2530 460 2582 uel
477 2533 607 2582 aminurias
621 2533 752 2595 Heinsius,
771 2535 908 2596 geminatas
932 2533 975 2582 uel
990 2535 1141 2582 heminarias
1158 2532 1227 2582 Lu.
1242 2531 1398 2592 Grorwuius,

292 2605 343 2653 ism
354 2603 406 2652 IlIl
419 2606 531 2653 hemines
556 2604 665 2654 Welelius
676 2621 707 2670 p.
720 2608 755 2655 23
864 2608 878 2652 2
898 2613 989 2653 mattos
1002 2605 1158 2668 scripturam
1170 2619 1202 2653 eu
1212 2604 1341 2668 glossario
1353 2603 1399 2653 Be·

292 2675 372 2725 mensi
386 2675 523 2725 aduolauit
537 2676 708 2726 Tilebomeuus
791 2676 874 2739 uinus]
887 2675 983 2724 scholio
993 2676 1138 2725 Beruerrsio
1150 2675 1186 2726 od
1201 2675 1299 2741 Verqili
1309 2676 1398 2740 θροις.

293 2746 332 2796 ΙΙ
338 2750 386 2797 98.·
405 2749 540 2796 notandum
559 2749 600 2797 hic
619 2751 684 2811 quod
702 2751 787 2797 uinum
799 2749 935 2797 masculino
947 2763 1038 2811 genere
1052 2750 1110 2797 dicit
1122 2749 1241 2809 Tmolius,
1254 2763 1301 2797 nec
1314 2749 1399 2796 immo-

293 2820 339 2866 rito
361 2819 478 2880 quonium
504 2827 528 2867 et
553 2825 613 2881 aput
636 2821 781 2868 Petronium
805 2822 829 2868 in
854 2821 928 2867 sotira
947 2820 1084 2880 inuenitur,
1108 2818 1153 2867 udi
1170 2825 1231 2882 aput
1249 2821 1360 2868 sranium
1376 2819 1399 2866 in

293 2889 383 2952 satyria
411 2887 504 2950 coelem,
528 2891 594 2952 opird
613 2891 744 2938 Afranium
768 2890 908 2939 Muellerus
935 2889 1025 2942 editor.
1053 2890 1085 2955 cf.
1104 2890 1245 2955 praefatio.
1288 2889 1400 2955 Afranio

294 2966 362 3023 toqut
362 2975 437 3007 orum
450 2974 501 3022 poe
503 2966 542 3007 tue
561 2959 624 3008 haec
641 2960 793 3010 uindiccbot
809 2960 1019 3011 Seleucideuriuus
1127 2964 1141 3010 3
1161 2963 1265 3010 selincus
1278 2961 1312 3010 H

294 3031 435 3078 4baliscus
452 3029 488 3079 H.
526 3032 663 3080 balaniscus
688 3049 705 3080 a
729 3025 850 3092 βαλανεις
869 3050 920 3096 pro
943 3033 1089 3083 destructore
1107 3032 1257 3096 Homerios,
1277 3034 1399 3083 bulniscus

294 3117 312 3149 a
323 3100 367 3150 dai
357 3101 413 3151 luco
424 3099 470 3150 Set
468 3101 577 3165 eqffcrue,
596 3103 735 3152 balncusI.
747 3103 779 3152 F.
791 3105 938 3154 Grououius
1027 3121 1116 3168 corpus
1130 3104 1263 3154 Iocobsius
1275 3113 1300 3153 et
1308 3103 1399 3154 Stude

294 3188 339 3222 rus
353 3175 437 3253 p.12
551 3175 699 3222 blaecasim
719 3174 752 3223 H
765 3174 794 3223 id
812 3181 848 3224 esi
865 3161 957 3240 λαικαζ
943 3178 998 3240 ζ,ειν
1037 3175 1069 3240 cf.
1088 3175 1221 3225 ittartialis
1240 3175 1286 3224 XI
1302 3179 1347 3238 58,
1368 3178 1399 3225 12

293 3244 338 3294 ubi
356 3231 449 3310 ιιιαζειι
467 3242 591 3310 Sculiqer.
628 3245 761 3309 utrobique
785 3235 914 3316 λειχιιζειν
935 3248 1093 3310 Grouoeuius,
1119 3247 1159 3296 liic
1178 3237 1290 3316 οἰμώζειν
1310 3246 1399 3297 Iacob·

293 3317 347 3367 sius
503 3319 542 3366 6
537 3319 570 3366 rui
589 3317 732 3382 aliquando
751 3317 875 3367 Heinsius
1000 3321 1082 3368 furnus
1100 3319 1134 3368 H
1253 3327 1305 3368 tem
1325 3322 1399 3369 bellus

293 3389 427 3440 Iacobsius
445 3397 470 3438 et
487 3388 597 3439 Wehlius
610 3407 639 3454 p.
656 3393 687 3438 17
798 3394 810 3439 7
832 3391 969 3438 chrisantus
982 3391 1016 3439 H
1118 3392 1133 3438 8
1153 3395 1201 3439 heu
1221 3392 1285 3440 eheu
1298 3390 1398 3454 scripsi,

292 3462 351 3511 item
369 3461 516 3512 Iocodsius:
540 3465 590 3529 hey
613 3471 650 3511 ost
674 3464 722 3528 hey
748 3461 781 3510 Η
798 3460 867 3526 quod
888 3460 998 3510 Orellius
1017 3479 1046 3526 p.
1064 3465 1080 3510 5
1096 3454 1158 3511 ‘cele
1182 3462 1217 3510 ist
1233 3455 1293 3510 acle*
1315 3463 1397 3513 stertit.

294 3534 344 3582 heu
364 3534 508 3598 triplicaaeit
521 3534 650 3597 Heisleius,
670 3536 720 3583 heu
733 3541 755 3582 st
767 3538 817 3583 hen
829 3533 961 3595 Heinsius,
975 3541 1011 3582 est
1023 3536 1072 3596 hey
1086 3533 1191 3582 ιἰιιιιιιιιι
1200 3532 1330 3582 Antonius

294 3606 308 3651 9
328 3607 428 3652 minoris
441 3603 599 3668 Schefferus:
618 3604 768 3654 minoresH
873 3621 930 3655 suus
948 3612 986 3653 set
1002 3605 1030 3654 ιἰι
1048 3605 1163 3669 mcrqine
1182 3620 1267 3654 sumus
1286 3605 1321 3659 H.
1361 3608 1398 3655 su·

293 3688 348 3720 mus
367 3675 409 3722 uel
425 3677 496 3724 fimus
515 3684 561 3724 aut
578 3679 639 3726 cinis
657 3679 841 3726 tamon-hobet
857 3675 1002 3740 Scleefferus
1021 3684 1068 3724 out
1084 3676 1220 3725 Heiuesius
1346 3693 1398 3726 mu·

293 3758 350 3793 scos
369 3743 474 3794 addidit
490 3745 628 3795 Heinsius:
647 3763 710 3810 quac
729 3748 856 3796 Antonius
965 3751 996 3796 10
1016 3749 1073 3810 quid
1092 3749 1112 3796 si
1130 3755 1159 3796 ut
1172 3764 1201 3811 p.
1216 3751 1258 3810 47,
1280 3751 1311 3796 1:
1330 3750 1399 3812 quasi

293 3813 446 3878 suspicabar
566 3821 597 3865 12
617 3819 682 3869 abiit
712 3827 739 3866 ct
762 3821 843 3882 plures
863 3819 897 3882 H,
917 3820 1001 3884 uulqo.
1038 3827 1197 3883 repuqrmte
1184 3827 1251 3867 ιιιιι
1265 3820 1399 3883 porticulo

293 3893 317 3936 et
333 3887 415 3949 plures
429 3887 689 3950 Ῑιιυιιιιιιιιιιιοιιιιι.Ι
659 3891 1039 3955 tubiitudplurosiuuqedot
1030 3889 1201 3954 tSeleefferus.
1230 3889 1262 3954 cs.
1282 3890 1398 3940 Fleckei-

293 3957 348 4006 serti
366 3958 472 4008 annales
485 3958 551 4022 phil.
571 3959 713 4009 LXXVII
723 3977 752 4024 p.
766 3965 808 4013 69.
845 3963 921 4011 etiam
939 3963 1013 4026 opud
1032 3962 1143 4011 Graecos
1160 3957 1313 4020 ulciscerer
1333 3981 1398 4012 τετε-

293 4019 436 4090 λευτηκᾶτες
549 4033 580 4079 13
600 4033 674 4080 enimi
694 4048 759 4080 usne
778 4036 913 4082 consolatio
934 4035 992 4082 olim
1006 4033 1138 4096 Heinsius,
1158 4034 1226 4081 mimi
1245 4033 1398 4083 uelmimico

293 4101 436 4153 Reiuesius
472 4117 524 4150 ιιοιι
543 4100 661 4152 dissimili
642 4102 763 4167 lforruo
781 4105 849 4154 inter
860 4103 924 4169 Syri
942 4113 997 4154 seut
998 4114 1039 4153 eut
1041 4106 1078 4154 ios
1097 4105 1159 4155 leoco
1178 4104 1308 4155 traditur:
1328 4107 1397 4156 mise-

293 4176 369 4224 ricors
388 4173 447 4222 ciuis
466 4174 560 4237 pstriao
578 4182 614 4224 ost
627 4175 763 4224 consolatio
873 4179 906 4224 14
923 4177 1024 4238 siugulis
1037 4176 1070 4225 H
1171 4178 1269 4241 plautus
1281 4177 1315 4226 H

297 4249 327 4296 15
339 4245 454 4312 fortasse
472 4261 530 4294 uorn
549 4261 625 4295 manu
644 4247 708 4295 misit
816 4263 917 4296 murrum
937 4249 1002 4296 misit
1020 4249 1119 4310 aliquod
1138 4246 1171 4296 H
