3022 4956
283 472 324 535 62
755 467 911 522 nnrnoun

282 624 370 688 malui
381 623 613 686 illoshtellanam
625 624 728 696 lacere,
743 631 771 685 et
783 624 940 686 choraulen
953 642 1051 686 meum
1063 625 1134 686 iussi
1147 624 1251 686 Latine
1261 617 1398 686 cantare?
1415 634 1436 682 11

227 725 268 787 54
370 741 435 786 cum
456 723 582 784 maxime
602 724 674 785 haec
694 722 894 784 dicenteGaio
911 743 984 804 puer
997 769 1084 784 .....
1098 721 1327 785 Trimalchionis
1344 725 1396 786 de-

283 823 382 902 lapsus
398 829 451 884 est.
482 821 672 883 conclamavit
690 821 811 895 familia,
833 840 886 884 nec
906 824 1004 883 minus
1021 822 1171 893 convivae,
1194 840 1257 883 non
1272 830 1397 903 propter

283 921 433 982 hominem
453 928 512 981 tam
533 921 678 1000 putidum,
699 921 781 981 cuius
797 928 825 981 et
839 921 965 982 cervices
981 922 1085 982 fractas
1102 919 1227 980 libenter
1241 921 1395 993 vidissent,

284 1019 334 1080 sed
360 1025 481 1099 propter
500 1019 608 1081 malum
629 1020 737 1080 exitum
762 1037 863 1089 cenae,
898 1037 935 1080 ne
953 1036 1074 1079 necesse
1097 1019 1240 1080 haberent
1265 1019 1393 1080 alienum
1412 1028 1427 1076 5

285 1123 436 1178 momnum
452 1117 575 1195 plorare.
602 1117 666 1197 ipse
675 1117 852 1178 Trimalchio
870 1136 935 1178 cum
949 1117 1072 1196 graviter
1085 1115 1275 1194 ingemuisset
1287 1137 1395 1197 super-

283 1235 341 1296 que
360 1215 512 1277 brachium
533 1225 671 1297 tanquam
692 1216 803 1277 laesum
820 1215 1014 1287 incubuisset,
1037 1233 1213 1276 concurrere
1228 1217 1343 1292 medici,
1364 1225 1396 1278 et

282 1315 360 1375 inter
378 1313 492 1394 primos
512 1316 670 1377 Fortunata
691 1314 819 1375 crinibus
841 1314 938 1393 passis
959 1333 1025 1374 cum
1045 1313 1170 1392 scypho,
1196 1314 1395 1394 miseramque

284 1433 316 1474 se
336 1421 422 1492 atque
441 1411 584 1473 infelicem
606 1413 802 1491 proclamavit.
834 1431 901 1474 nam
924 1431 997 1492 puer
1018 1411 1151 1490 quidem,
1173 1414 1222 1492 qui
1242 1415 1395 1488 ceciderat,

285 1510 456 1572 circumibat
475 1511 532 1571 iam
553 1511 664 1573 dudum
685 1513 773 1590 pedes
794 1518 914 1571 nostros
930 1518 959 1571 et
973 1511 1147 1571 missionem
1163 1511 1291 1589 rogabat.
1321 1531 1393 1590 pes·
1414 1520 1442 1569 to

285 1609 359 1670 sime
374 1609 446 1669 mibi
461 1616 531 1682 crat,
547 1626 584 1669 ne
599 1609 644 1669 his
660 1610 796 1689 precibus
813 1609 941 1688 periculo
957 1619 1055 1686 nostro
1072 1609 1179 1687 aliquid
1191 1613 1396 1690 catastrophae

284 1715 480 1788 quaereretur.
511 1726 566 1770 nec
580 1707 658 1769 enim
674 1707 769 1769 adhuc
781 1708 926 1768 exciderat
938 1725 1025 1768 cocus
1038 1707 1098 1781 ille,
1116 1707 1165 1787 qui
1181 1707 1287 1769 oblitus
1298 1708 1396 1770 luerat

284 1827 407 1888 porcum
421 1808 590 1870 exinterato.
621 1807 717 1886 itaque
731 1813 827 1867 totum
840 1806 1063 1885 circumspicere
1078 1805 1233 1867 triclinium
1246 1808 1341 1886 coepi,
1355 1827 1396 1868 ne

284 1925 337 1986 per
348 1907 489 1986 parietem
502 1911 681 1966 automatum
694 1905 810 1986 aliquod
822 1905 920 1976 exiret,
932 1903 1033 1982 utique
1044 1911 1200 1984 postquam
1213 1924 1394 1967 1111111111·-

284 2005 380 2066 berari
393 2003 498 2082 coepit,
512 2003 562 2081 qui
573 2001 725 2063 brachium
739 2003 851 2064 domini
863 2009 1019 2064 contusum
1033 2001 1095 2062 alba
1108 2003 1206 2082 potius
1219 2023 1304 2082 quam
1318 2024 1393 2065 con·
1415 2013 1443 2062 15

285 2103 405 2182 chyliata
421 2101 577 2163 involverat
592 2100 665 2161 lana.
692 2119 747 2161 nec
761 2102 846 2180 longe
861 2101 1001 2162 aberravit
1017 2101 1140 2180 suspitio
1158 2121 1236 2177 mea3
1255 2104 1395 2164 invicem

284 2201 362 2260 enim
371 2198 725 2278 poenaevenitdecretum
734 2199 969 2272 Trimalchionis,
978 2217 1036 2277 quo
1045 2202 1394 2279 puerumiussitliberum

285 2315 364 2371 esse,
385 2315 422 2358 ne
443 2297 508 2377 quis
530 2302 633 2376 posset
647 2297 744 2357 dicere
757 2305 871 2358 tantum
886 2297 979 2357 virum
992 2317 1087 2358 essen
1104 2317 1187 2359 servo
1202 2299 1394 2361 volneratum.
1412 2359 1435 2408 H
1435 2358 1451 2408 L
1453 2357 1467 2408 0
1509 2339 1510 2350 .

230 2397 270 2457 55
343 2390 354 2478 ΗΗ
372 2395 600 2474 comprobamus
616 2413 672 2456 nos
684 2395 793 2456 iactum
811 2393 822 2480 ΗΗ
838 2404 866 2457 et
881 2413 968 2474 quam
982 2395 1010 2456 in
1023 2397 1172 2477 praecipiti
1184 2416 1231 2458 res
1246 2398 1393 2460 humanae
1411 2427 1434 2476 H

285 2501 396 2568 essent,
417 2489 528 2578 linario
549 2512 685 2556 sermone
706 2494 858 2573 garrimus'.
880 2489 891 2577 ΗΗ
912 2484 980 2554 ‘ita'
1000 2495 1095 2573 inquit
1114 2495 1288 2556 Trimalchio
1312 2488 1391 2557 ‘non
1409 2494 1467 2545 Hbl

285 2599 404 2671 oportet
423 2593 501 2655 hunc
515 2613 615 2656 casum
632 2594 695 2654 sine
710 2592 901 2672 inscriptione
916 2585 1053 2654 transire'
1069 2594 1224 2674 statimque
1240 2597 1390 2658 codicillos
1410 2564 1433 2612 H

283 2691 420 2771 poposcit
433 2699 462 2753 et
476 2711 537 2754 non
555 2692 604 2755 diu
620 2691 795 2772 cogitatione
811 2692 935 2752 distorta
949 2691 1021 2750 haec
1034 2691 1176 2751 recitavit:
1408 2715 1439 2763 22

459 2787 471 2876 ΗΗ
483 2783 576 2870 ‘qnod
591 2808 652 2852 non
668 2798 813 2870 expectes,
829 2809 864 2852 ex
878 2797 1045 2851 transverso
1062 2790 1112 2854 fit.
1126 2836 1152 2852 ..
1408 2815 1446 2866 dl.

286 2929 582 2939 -ο--ψ---η--υ-..κ-..α

359 3002 371 3048 1
392 3000 532 3049 Atellanam
552 2998 709 3064 Schefferus:
729 3001 836 3049 Atellam
855 2997 889 3049 H
990 2998 1135 3048 choraulam
1154 2997 1263 3048 edebant
1277 2997 1392 3063 fortasse

284 3070 379 3122 rectius
522 3074 537 3120 2
557 3071 642 3121 deesse
660 3071 751 3135 aliqua
768 3069 915 3135 Schefferus
932 3068 1007 3120 uidit.
1045 3069 1134 3120 ludere
1152 3070 1224 3120 uelect
1242 3071 1303 3120 haee
1321 3071 1391 3122 lieet.-

284 3158 347 3208 pncr
365 3143 407 3206 qni
424 3143 523 3191 innixus
542 3144 614 3192 debili
633 3151 657 3192 at
675 3143 771 3191 infirmo
790 3145 871 3191 scalae
890 3143 968 3205 gradu
986 3142 1091 3190 saltabat
1111 3143 1230 3205 perfregit
1248 3158 1304 3191 enm
1323 3146 1391 3193 etin

283 3217 376 3264 lectum
393 3214 585 3262 Trimalchionis
609 3215 724 3277 delapsus
749 3219 793 3262 est.
830 3212 948 3277 conseras
965 3211 1065 3278 ι11119111.
1084 3211 1145 3263 XV.
1175 3213 1271 3264 urhun
1287 3215 1391 3263 Trimal·

284 3286 380 3336 chionis
400 3287 464 3335 etin
485 3286 614 3335 brachium
632 3286 683 3334 eins
701 3300 753 3333 non
771 3283 850 3334 latim
868 3284 972 3346 scripsit
995 3283 1105 3333 Wehlius
1118 3301 1147 3348 p.
1162 3287 1196 3334 27
1288 3289 1304 3333 4
1323 3287 1391 3350 pudi-

282 3366 336 3408 tum
354 3357 443 3409 sedin
460 3358 576 3424 margine
593 3357 706 3422 putidum
724 3354 758 3404 H
860 3357 933 3404 ctiam
951 3355 1109 3420 culpabatur
1224 3361 1237 3404 7
1259 3373 1390 3406 concurere

283 3429 318 3480 H
457 3434 486 3480 11
508 3439 592 3480 nostro
611 3426 721 3479 addldt:
739 3428 840 3477 iocatur
858 3426 999 3490 Encolpius
1013 3427 1160 3489 perieulum
1176 3430 1314 3478 uocanssi
1337 3428 1391 3478 Tri-

283 3502 391 3553 malchio
417 3502 521 3567 eiusque
537 3502 646 3568 familia
670 3499 717 3549 hoa
740 3499 783 3548 uel
799 3497 865 3548 ihuol
883 3498 1030 3548 simulantes
1043 3498 1203 3563 simplicitate
1222 3501 1390 3550 conuiuarum

284 3573 461 3623 abutebantur.
498 3576 658 3637 perridiculsc
677 3571 810 3632 Heinsius,
830 3571 899 3634 pueri
919 3571 1000 3618 denuo
1020 3568 1154 3619 Iacobsius
1274 3583 1390 3621 catastro-

283 3647 348 3706 phae
367 3643 526 3707 Schefferus:
545 3648 703 3707 catastropha
722 3641 756 3691 H
869 3643 900 3688 15
920 3642 1069 3690 conchilista
1087 3641 1122 3690 H
1235 3645 1265 3691 16
1287 3644 1390 3708 suspicio

283 3712 319 3761 Η
423 3718 451 3762 11
477 3730 573 3777 poenae
592 3713 782 3777 Hadrianides,
801 3711 939 3761 Heinsius:
959 3727 1034 3761 cenae
1053 3706 1087 3762 H
1184 3715 1217 3761 18
1236 3715 1390 3763 uulneratum

283 3781 436 3848 Sehefferus,
455 3784 594 3834 Heinsius:
611 3788 739 3836 liberatum
759 3800 790 3834 eu
802 3786 905 3832 liberum
918 3788 1007 3833 natum
1019 3783 1054 3834 Η.
1083 3785 1238 3833 uerberatum
1253 3795 1391 3848 praeterea

284 3855 348 3907 coni.
368 3854 499 3918 Heinsius,
518 3856 637 3904 irritatum
662 3855 772 3905 Wehlius
786 3871 816 3918 p.
830 3858 864 3905 28
883 3855 929 3918 qui
947 3854 1017 3918 quael
1034 3855 1063 3903 in
1081 3853 1206 3920 Schefferi
1218 3856 1390 3906 emendatione

282 3925 456 3990 reprehendit,
474 3927 503 3976 in
521 3942 549 3975 eo
566 3926 623 3990 ipso
639 3919 796 3977 ‘urbanitas'
816 3925 893 3976 huius
906 3925 969 3975 dieti
981 3927 1031 3975 sita
1044 3934 1093 3985 est;
1112 3929 1206 3975 laesum
1218 3930 1354 3977 laceratum
1365 3929 1389 3977 li-

283 3999 394 4047 nidatum
406 3999 538 4047 liuorotum
554 3999 674 4047 uilitatum
687 3999 734 4047 alii
826 4001 856 4048 19
869 4001 906 4046 ita
918 3998 1029 4062 iungunt
1040 3997 1314 4063 ABODEFGLPpst
1326 4015 1390 4049 com-

283 4070 418 4133 probemus
439 4070 532 4118 sactum
548 4071 665 4132 uarioque
685 4084 798 4119 sermone
811 4071 932 4133 gemimus
945 4079 970 4118 ot
981 4078 1112 4133 poetarum
1125 4072 1206 4133 eoepit
1219 4086 1272 4120 esse
1285 4073 1388 4120 mentio:

279 4140 403 4206 phnlora
414 4139 449 4190 H
455 4139 595 4190 exhibebat.
624 4149 683 4190 ante
696 4143 816 4204 garrimus
827 4133 923 4189 ‘deesse
936 4136 1009 4204 quid’
1025 4139 1165 4190 uidebatur
1175 4139 1305 4192 Sambueo

284 4229 342 4263 cnm
359 4213 492 4277 probamus
505 4212 531 4262 P
636 4214 669 4261 20
688 4227 801 4262 sermone
814 4213 935 4274 gestimus
949 4228 995 4260 om.
1008 4212 1034 4262 B
1137 4215 1169 4260 21
1189 4215 1242 4262 sine
1260 4229 1271 4278 s
1289 4215 1388 4276 inscrip-

283 4286 350 4335 tione
369 4283 404 4337 H.
440 4284 559 4336 uoluerat
576 4284 708 4348 scriptione
726 4281 835 4334 scribere
943 4285 976 4331 23
995 4300 1052 4333 aum
1069 4283 1185 4348 sequenti
1202 4299 1281 4335 uersu
1300 4283 1389 4334 habent
