3008 4962
1115 481 1190 522 XXXV

85 627 135 676 est:
149 616 282 677 Petronii
294 615 401 677 Arbitri
413 615 580 696 Satyrorum
597 631 652 693 que
667 631 701 673 er
718 612 780 673 suis
792 621 869 674 extat
880 613 941 695 sola
953 613 1064 693 integra
1075 611 1189 692 incipit

86 724 251 804 subscriptio
263 734 331 805 post
346 724 434 785 iussit
442 742 474 803 p.
493 723 562 792 171,
579 721 599 783 6
614 721 698 783 boec:
718 721 799 783 Finis
816 721 944 782 Petronii
961 721 1068 782 Arbitri
1084 722 1118 783 ln
1134 721 1189 782 Sa-

85 833 162 893 tbure
181 833 309 911 Integra.
340 835 465 913 poninus
485 834 618 893 uicenam
638 842 787 893 ternorum
808 841 1016 910 quotenaamoe
1041 849 1189 904 oemunt,

86 941 249 1021 conpendia
263 959 325 1002 non
339 941 445 1016 multa,
461 940 572 1002 litterae
586 957 646 1000 non
657 939 783 1019 maiorue
797 940 847 1001 sed
860 939 964 1019 firmae
979 947 1006 1000 et
1020 949 1188 1000 coarctantes.

87 1056 154 1110 cett
162 1067 256 1129 paene
267 1061 412 1129 maneum
426 1050 559 1111 discerni.
590 1048 726 1109 rubra'cas
737 1067 793 1128 per
808 1051 969 1128 maronem
984 1065 1105 1128 nassas
1118 1066 1190 1109 eao-

86 1161 153 1228 taoa‘,
173 1157 293 1237 neyleai
309 1157 420 1238 alossas
439 1169 466 1219 et
485 1158 683 1219 adnotationes
703 1175 775 1237 quas
791 1167 949 1236 portatum
967 1157 1190 1219 librameadsrn

85 1283 182 1326 mansu
197 1267 380 1328 adiunxerat
393 1266 441 1327 ool
453 1269 662 1328 interseruerat
675 1269 815 1327 mirrutius
830 1269 960 1345 scribtos.
991 1265 1101 1327 contuli
1114 1265 1190 1327 launa
1277 1283 1282 1288 ·

87 1376 202 1436 codicem
226 1395 245 1436 a
273 1374 381 1436 Cocalo
406 1374 524 1436 Halmio
550 1374 623 1435 mila·
645 1374 896 1436 subministratum
922 1378 982 1435 nne
1007 1374 1211 1436 memorabili

86 1481 285 1555 emolumoato,
307 1485 384 1564 quaod
402 1501 492 1564 matu
510 1494 659 1564 coemptus
679 1495 720 1544 est
738 1483 826 1544 turba
845 1485 983 1542 vitiorum
1004 1502 1060 1562 orco
1086 1483 1192 1562 reliqui

84 1603 252 1669 premumr
271 1602 300 1652 et
315 1603 469 1672 procursu
491 1603 524 1653 ut
542 1596 674 1653 novicius
694 1591 769 1652 mole
788 1591 988 1670 r'ateuuolatus.
1027 1591 1190 1653 adhibuisse

86 1701 198 1761 nnbat
213 1701 287 1762 olim
298 1700 502 1763 Hermannuoa
514 1699 669 1762 llusclriuna
680 1698 859 1780 Posipbiluaa
870 1697 1126 1762 Monosterieusein
1141 1703 1192 1780 orat

88 1827 156 1870 anno
171 1808 259 1870 1500
275 1807 388 1890 Lipsiae
403 1809 597 1889 eoubaadarn
613 1813 727 1870 curooit
742 1807 871 1868 Petronii
889 1807 996 1868 Arbitri
1011 1809 1143 1888 Satyrum
1159 1809 1188 1869 in

88 1935 136 1994 qua
160 1917 225 1979 sitia
246 1897 458 1980 Romanorum'
473 1919 741 1998 reprehenduntur„
769 1916 815 1976 ool
837 1914 903 1976 linc
924 1927 1046 1996 apparet
1065 1917 1141 1997 quod
1157 1936 1188 1997 p.

90 2024 151 2098 153,
167 2027 186 2088 6
201 2026 299 2106 spolia
316 2044 381 2088 cum
398 2045 504 2089 saeuus
519 2026 652 2088 laudabat
667 2025 749 2087 miles
761 2026 855 2086 edidit.
885 2029 1024 2086 uetustior
1038 2025 1124 2086 lacius
1137 2044 1189 2105 oe-

89 2137 157 2194 ueris
174 2135 250 2197 liber
272 2153 333 2196 non
354 2139 432 2197 uenit
449 2135 522 2196 milri
539 2139 726 2209 innantium,
743 2136 857 2214 qraondo
873 2135 986 2213 quidem
1001 2137 1032 2194 in
1050 2132 1188 2195 Vossiono

89 2242 202 2322 catalani
214 2244 270 2324 sol.
285 2243 343 2304 111
360 2262 414 2324 quo
431 2244 634 2325 comprobandi
648 2263 766 2305 carmen
781 2244 815 2304 de
827 2243 899 2304 bello
913 2242 993 2303 ciuili
1003 2243 1042 2304 ad
1051 2241 1189 2303 lobniuot

89 2348 197 2413 beslius
212 2356 381 2434 scripserat,
397 2357 524 2434 reperiri
537 2351 612 2415 illud
623 2352 819 2414 Mommsenus
833 2355 957 2432 nouauit,
974 2361 1000 2411 st
1013 2352 1046 2412 de
1057 2341 1187 2412 ‘aborta-

89 2475 128 2518 aco
147 2462 240 2523 codice
259 2452 323 2523 ms?
343 2466 404 2523 eius
425 2465 563 2523 carminis
581 2454 749 2542 ‘insc'quiter
770 2453 859 2522 bono'
880 2479 962 2540 queas
979 2458 1131 2521 Goldastns
1152 2479 1189 2520 aa

89 2565 246 2656 bibliotheca
261 2569 352 2632 Pauli
364 2569 503 2650 Stephani
517 2569 687 2632 Gnaeueasis
706 2569 882 2649 typoqrapbi
893 2573 1101 2648 impetrauerat
1116 2568 1190 2629 nibil

90 2674 161 2739 aliud
176 2689 355 2760 computum
369 2690 417 2741 est.

617 2815 721 2914 vr¹

165 2975 255 3038 roden
271 2973 424 3036 Parisinus
438 2972 649 3034 Mazarricacus
661 2971 745 3033 1261
761 2975 952 3053 quaternaria
964 2975 1066 3053 [orosa
1081 2972 1192 3034 saeculi

93 3075 144 3138 Xll
157 3082 188 3142 de
201 3102 257 3163 quaa
273 3082 384 3146 Kellios
396 3081 501 3144 labala
515 3081 585 3144 boec
600 3081 787 3161 sianificaoit:

166 3190 306 3254 boethius
323 3198 411 3271 (pars
424 3189 652 3268 mathematico).
683 3191 783 3250 Bruno
805 3190 962 3271 episcopus
979 3193 1193 3268 (commentarii

92 3295 120 3354 in
132 3295 246 3362 tensa
262 3311 288 3362 ct
302 3300 459 3375 Modum).
487 3355 490 3360 .

167 3407 277 3470 Seneca
296 3409 332 3470 de
352 3409 457 3470 causis.
487 3407 608 3486 Exigitis
628 3424 690 3467 rem
710 3407 802 3486 magis
818 3408 974 3469 iocundam
991 3441 1031 3453 -
1047 3407 1123 3468 malo
1144 3406 1189 3466 in·
1260 3467 1263 3475 ,

93 3520 194 3576 uentus.
220 3517 345 3597 Explicit
359 3517 431 3578 liber
445 3517 592 3578 actionum
609 3517 744 3577 Senecae.

168 3623 323 3687 Petronius
340 3624 375 3686 de
391 3624 525 3687 muliebri
541 3625 656 3687 leuitate
671 3624 739 3686 dicit
753 3619 802 3703 quir
818 3624 901 3685 feaile
914 3632 1035 3686 ametur.
1067 3618 1115 3704 qin
1133 3624 1190 3686 cito

94 3729 170 3792 etiam
190 3735 316 3796 liliorum
339 3733 527 3795 obliuiscitur.
557 3733 728 3813 Nullamque
743 3752 808 3794 esse
822 3733 1037 3795 feminam‘tsm
1054 3734 1189 3813 pudicam

94 3853 143 3913 qus
156 3859 215 3904 nan
231 3821 385 3922 peregri!
397 3843 515 3908 libidine
529 3861 622 3922 usque
637 3843 672 3902 ad
687 3841 817 3902 furorem
834 3851 989 3903 assertatur.

170 3949 300 4014 blatteas
320 3953 443 4031 quedem
465 3952 565 4032 ephesi
586 3958 645 4012 tam
661 3958 731 4012 note
747 3959 807 4012 erat
822 3951 935 4030 pudicis
949 3987 992 3996 -
1007 3970 1062 4030 qua
1079 3950 1191 4010 ratione

95 4063 219 4118 mensus
234 4061 307 4122 isset
321 4061 350 4121 in
367 4079 493 4123 crucem.

170 4165 237 4229 baec
251 4168 404 4231 historiola
418 4189 433 4230 e
445 4189 475 4249 p.
492 4169 597 4230 136—
608 4168 676 4240 142,
692 4169 712 4228 4
728 4178 866 4248 decerpta
881 4187 972 4229 uniam
986 4167 1091 4248 solium
1107 4176 1134 4226 et
1145 4166 1191 4226 di·

97 4271 205 4336 nidtam
215 4281 355 4358 paor'naor
370 4282 455 4360 capu.

953 4375 991 4426 C*
