3008 4962
443 549 453 564 ,
543 469 685 523 surtran
1129 473 1167 533 17

37 631 90 687 tet
103 625 204 689 nescio
222 625 285 705 quis
298 643 332 685 ex
348 624 528 698 cocionibus,
547 625 652 698 calvus,
668 624 910 687 tuberosissimae
924 623 1039 700 frontis,
1056 626 1104 706 qui
1117 644 1168 687 so-

63 724 135 785 lebat
150 722 306 804 aliquando
323 723 408 785 etiam
427 743 543 785 caussas
559 742 652 803 agere,
668 725 812 785 invaserat
826 722 943 804 pallium
956 723 1167 785 exhibiturum-

66 841 116 900 que
136 821 265 883 orastino
286 822 331 884 die
353 821 524 884 affirmabat.
555 829 681 882 ceterum
704 822 863 902 apparebat
884 822 955 883 nihil
978 822 1053 883 aliud
1070 823 1169 901 quaeri

64 921 116 981 nisi
131 929 163 981 ut
179 921 269 981 semel
286 921 417 1001 deposita
433 922 520 981 vestis
536 920 612 980 inter
626 919 789 1008 praedones
806 920 1048 1000 strangularetur,
1070 928 1098 981 et
1112 939 1168 982 nos

39 1028 51 1075 5
67 1027 140 1081 metu
156 1020 288 1082 criminis
303 1037 364 1081 non
380 1020 546 1080 veniremus
563 1019 598 1079 ad
615 1019 807 1082 constitutum

144 1177 220 1238 idem
243 1177 328 1255 plane
348 1185 376 1238 et
397 1195 452 1237 nos
471 1174 651 1236 volebamus.
681 1175 779 1255 itaque
793 1175 946 1255 utriusque
962 1175 1053 1254 partis
1067 1183 1166 1236 votum

66 1293 143 1335 casus
159 1275 278 1336 adiuvit.
308 1273 475 1352 indignatus
491 1273 567 1333 enim
584 1271 726 1347 rusticae,
750 1275 828 1354 quod
844 1291 901 1334 nos
917 1281 1071 1334 centonem
1087 1274 1169 1334 exbi-

67 1372 185 1434 beudum
202 1370 435 1452 postularemus,
455 1373 536 1433 misit
556 1371 584 1430 in
604 1370 707 1432 faciem
723 1372 829 1450 Ascylti
844 1372 973 1434 tunicam
989 1381 1018 1433 et
1031 1372 1167 1434 liberatos

68 1471 182 1549 querella
199 1470 288 1531 iussit
303 1469 421 1548 pallium
439 1470 593 1549 deponere,
609 1470 689 1547 quod
704 1468 801 1530 solum
817 1470 895 1532 litem
912 1471 1033 1532 iaciebat

606 1564 626 1606 a

30 1637 54 1686 10
146 1643 173 1696 et
187 1643 376 1714 recuperato,
391 1641 424 1694 ut
438 1634 626 1713 putabamus,
641 1634 778 1696 thesauro
795 1635 824 1695 in
841 1635 1039 1696 deversorium
1055 1635 1167 1715 praeci-

68 1733 135 1811 pites
150 1733 264 1794 abimus
280 1732 499 1812 praeclusisque
512 1733 627 1794 loribus
643 1732 738 1794 ridere
753 1753 875 1795 acumen
888 1752 948 1795 non
960 1735 1056 1794 minus
1069 1734 1167 1794 cocio-

68 1849 233 1912 numquam
251 1831 489 1893 calumniantium
506 1832 672 1912 coepimus,
692 1832 772 1910 quod
786 1831 873 1893 nobis
889 1833 997 1910 ingenti
1018 1831 1168 1893 calliditate

69 1933 212 2008 pecuniam
228 1931 435 1992 reddidissent.

201 2031 271 2092 nolo
289 2029 368 2108 quod
385 2029 486 2108 cupio,
501 2027 600 2089 statim
615 2035 730 2101 tenere,
777 2086 781 2094 ,

34 2127 58 2177 15
202 2148 258 2190 nec
272 2127 391 2189 victoria
406 2127 447 2188 mi
462 2126 557 2207 placet
572 2134 668 2207 parata

603 2261 625 2306 as

34 2369 67 2421 10
121 2361 132 2449 ll
148 2366 197 2426 sed
218 2372 252 2426 ut
272 2329 400 2445 primum
421 2363 561 2426 beneficio
578 2362 692 2424 Gitonis
712 2370 883 2442 praeparata
903 2380 960 2424 nos
982 2362 1167 2444 implevimus
1185 2363 1224 2424 16

71 2480 141 2537 cena,
156 2465 266 2526 ostium
282 2482 344 2524 non
360 2461 429 2524 satis
444 2461 544 2525 audaci
560 2461 685 2541 strepitu
700 2462 860 2542 imprdsum
876 2462 1012 2524 exsonuit

145 2635 208 2677 cum
230 2623 261 2677 et
279 2615 335 2695 ipsi
356 2631 425 2693 ergo
447 2614 543 2694 pallidi
559 2632 747 2693 rogaremus,
768 2614 833 2694 quis
849 2620 938 2686 esset,
950 2605 1060 2691 ‘aperi'
1074 2613 1169 2693 inquit

71 2700 134 2774 ‘iam
154 2707 252 2778 scies'.
297 2714 425 2793 dumque
444 2713 607 2792 loquimur,
632 2731 697 2775 sera
718 2731 770 2774 sua
792 2718 899 2793 sponte
925 2711 1042 2791 delapsa
1068 2711 1170 2774 cecidit

139 2891 150 2936 l
170 2891 313 2939 rosionibus
325 2887 419 2954 ecripru'
432 2905 488 2938 cum
500 2886 640 2938 Sulmaoio:
655 2889 814 2937 concionibus
827 2885 888 2937 libri
996 2891 1011 2936 2
1026 2887 1169 2952 aliquando]

77 2957 155 3022 alioqui
170 2978 260 3026 morpc
280 2969 290 3010 t
396 2962 470 3010 etium
484 2963 514 3008 ad
528 2975 629 3009 caussas
639 2960 671 3022 L,
692 2961 758 3010 etad
773 2975 860 3008 causas
868 2974 899 3023 p,
919 2965 943 3008 et
956 2975 1043 3008 causas
1056 2967 1066 3008 t

76 3029 89 3073 4
105 3039 165 3080 ueste
183 3035 202 3082 is
221 3049 312 3097 morpo
324 3033 350 3081 L
440 3035 455 3080 5
474 3031 655 3080 uulloloeuno
668 3030 787 3083 inlibris.
815 3030 951 3094 suppleas:
968 3032 1074 3080 rusticus
1087 3036 1171 3080 autem

77 3104 97 3144 et
112 3104 190 3152 mulier
208 3112 304 3153 uestem
323 3119 394 3152 suom
413 3119 488 3166 quarn
508 3105 616 3166 primum
634 3118 781 3166 recuperare
799 3103 916 3151 uolebant
1037 3105 1051 3151 9
1071 3103 1170 3165 querela

77 3169 96 3216 L
192 3176 342 3225 asteriscum
354 3174 496 3238 interponit
509 3191 538 3237 p.
576 3173 646 3223 deest
657 3172 760 3238 aliquid
772 3172 932 3222 huiuamodi:
952 3175 1097 3236 deponimus
1111 3188 1170 3236 ergo

76 3243 163 3301 pallium
272 3249 303 3295 10
318 3247 480 3296 diuersorium
493 3245 553 3294 libri
663 3249 693 3293 ll
709 3246 841 3294 cocionum
853 3244 947 3308 scripsi
959 3261 1016 3293 cum
1028 3243 1170 3294 Solmoaio:

78 3317 209 3366 concionum
227 3317 289 3368 libri
380 3320 412 3366 12
433 3318 616 3366 criminantium
628 3325 740 3381 morpot
831 3319 864 3365 14
882 3315 1031 3365 docueram
1044 3331 1106 3379 quoa
1119 3331 1171 3364 nore

77 3379 172 3438 uesieu
196 3389 272 3439 creole
294 3388 470 3454 superioribus
488 3387 565 3438 babet
574 3388 732 3454 florilepium
751 3386 903 3436 Perusinum
921 3387 949 3435 iu
968 3402 1018 3450 quo
1041 3389 1070 3434 15
1089 3387 1171 3449 placet

77 3455 105 3502 mi
204 3463 237 3510 15
258 3469 306 3510 tree
324 3459 368 3510 uel
385 3459 437 3509 duo
454 3460 498 3509 uel
514 3476 581 3508 uuuo
594 3460 730 3508 asteriscus
742 3459 771 3508 iu
783 3459 844 3522 Lpt.
871 3473 971 3506 nnsvsr
983 3473 1068 3505 nivern
1081 3471 1171 3520 marpo

78 3523 98 3571 L
194 3534 225 3582 16
246 3533 365 3583 beneficio
384 3548 432 3585 cuc.
451 3529 623 3593 AODEFGe,
642 3548 694 3580 uon
712 3528 804 3592 BPpt,
828 3529 857 3578 iu
876 3529 900 3576 L
919 3526 1039 3577 additum
1056 3527 1085 3578 r‘u
1102 3543 1172 3576 mar·

76 3595 125 3656 dille
191 3602 383 3668 gytonisBOG,
397 3601 581 3669 gythonisAP,
596 3601 746 3653 GnitonisL
817 3598 1003 3663 inpleuimusF
1073 3602 1104 3649 17
1124 3600 1172 3648 ho·

79 3668 140 3717 stium
158 3673 335 3725 ABODFGP
440 3689 491 3722 non
509 3682 534 3723 et
550 3675 579 3724 iu
591 3673 708 3739 morpiue
718 3709 795 3725 .....
805 3679 834 3720 ut
846 3669 974 3720 deleretur
986 3671 1018 3724 L.
1054 3660 1172 3722 ‘neuui-

79 3769 144 3823 detur
159 3773 304 3830 abundare‘
330 3779 493 3832 Tornaesius.
529 3787 641 3828 nostrum
666 3778 837 3841 couieceram,
861 3793 913 3826 non
938 3778 996 3826 satis
1017 3779 1099 3838 [firma
1117 3793 1173 3827 sero

78 3847 197 3921 pruritum]
216 3853 303 3901 audaci
323 3851 400 3912 oliuu,
420 3852 534 3912 ostiolum
553 3850 682 3901 Bartbiue
808 3865 858 3898 non
872 3884 878 3897 .
892 3884 898 3898 .
914 3887 921 3900 .
935 3850 1021 3897 audaci
1040 3848 1066 3897 B

79 3918 187 3976 inpulsum
204 3923 233 3971 F
356 3923 471 3971 exsonuit
488 3923 621 3985 impulsum
641 3927 814 3985 trwnopcuuret
832 3919 895 3981 LP,
920 3920 979 3968 item
996 3918 1022 3968 B
1041 3920 1077 3969 re'c
1096 3919 1173 3969 couti·

79 3998 152 4036 uuum
168 3993 306 4056 impulsum.
344 3994 399 4043 C..
414 4028 420 4041 .
433 4027 440 4040 .
454 4008 513 4056 ergo
532 3994 614 4056 pallidi
733 3993 835 4040 exonuit
855 3989 951 4041 dudd
1070 3990 1172 4040 interci-

81 4051 138 4106 duae
150 4061 246 4127 aliquid
258 4063 420 4130 ripne'fieoua';
438 4064 579 4127 metuentis,
593 4063 693 4127 opinor,
707 4062 808 4112 Gitonis
821 4062 999 4127 urentiofaeto
1011 4071 1067 4110 erat
1254 4115 1258 4126 ,

83 4127 109 4205 ¹.⁸
126 4145 177 4181 cum
194 4151 252 4199 ergo
271 4145 296 4185 et
314 4137 360 4200 ipsi
378 4135 486 4186 iuuertit
503 4143 520 4188 t,
539 4144 564 4184 et
582 4134 682 4185 delebat
693 4135 830 4185 Antonius.
850 4150 906 4183 cum
926 4149 986 4197 ergo
1005 4147 1084 4196 gypso
1101 4133 1174 4196 palli·

22 4213 28 4222 ·
81 4195 149 4249 diores
167 4204 296 4257 Iacober'ua
403 4207 494 4271 palladi
513 4206 546 4270 A,
564 4209 639 4271 palidi
656 4205 686 4256 F
790 4207 848 4270 quid
868 4203 892 4255 G
1008 4207 1039 4252 19
1059 4219 1107 4266 que
1124 4217 1172 4251 orn.

80 4280 96 4326 P
190 4278 240 4327 lere
257 4278 284 4328 P
390 4293 445 4328 sero
463 4279 512 4327 iam
531 4295 576 4328 sne
594 4278 768 4328 Memmiouua
876 4275 984 4325 ceditsr'

128 4349 217 4400 Petronii
232 4356 309 4401 satine
