3008 4962
289 478 337 519 xvl

290 618 338 672 tus
359 611 463 674 odiose
478 611 646 692 Melontyehi
667 612 832 690 garrulitate
851 629 912 672 non
934 610 1063 672 continui
1085 629 1174 690 porro
1195 611 1316 673 frectom
1337 611 1395 672 iarn
1501 692 1502 699 ἵ

291 719 388 781 decies
404 720 582 800 patientiam.
613 728 725 802 etpost
740 720 829 782 multe
846 739 919 800 quae
934 720 1079 782 calescens
1096 719 1252 780 identidem
1269 719 1309 780 ira
1325 739 1397 798 sug·
1501 744 1502 787 t

291 837 431 907 gesserat,
446 847 527 903 num,
543 829 672 910 inquom,
687 831 743 890 elia
759 847 877 908 genere:
893 829 945 890 boc
959 848 1009 909 ega
1024 828 1176 909 eaemplar
1187 847 1222 890 ne
1233 839 1398 890 memoratu

291 938 403 1016 qne'dem
419 939 538 1018 dt'gnam
552 941 759 1011 cristemarem,
776 941 833 999 nisi
847 937 882 999 ab
900 938 957 1000 alia
969 937 1083 1000 bomine
1095 935 1217 1000 litterale
1230 956 1290 1000 non
1302 942 1398 999 amni-

290 1062 328 1105 na
343 1044 419 1108 illud
435 1049 580 1108 contemni
593 1050 802 1126 comperissem.

832 1241 858 1302 ll

254 1385 279 1432 Α
376 1373 414 1432 A:
436 1372 526 1432 caelen
540 1370 693 1434 Parisinus
708 1369 790 1432 7989
811 1372 998 1452 bombycinus
1013 1377 1203 1453 quaternaria
1217 1376 1316 1454 farma
1332 1392 1401 1435 sae·
1501 1360 1502 1423 Ῠ

293 1481 352 1542 auli
368 1479 427 1556 XV,
447 1479 584 1560 Tragnn'i
593 1479 752 1540 Delmatiae
767 1484 798 1540 in
814 1481 982 1542 bibb'atbeco
994 1481 1110 1543 Nicolai
1124 1481 1235 1562 Cippr'ci
1249 1481 1402 1544 aMarino

292 1589 404 1650 Statilio
427 1592 542 1650 circiter
562 1608 672 1650 annam
693 1587 779 1649 1be
798 1593 943 1662 inuentus,
963 1591 1029 1651 inde
1049 1589 1173 1651 bamam
1194 1590 1355 1652 translatus
1373 1603 1403 1652 et

292 1695 386 1758 Rama
399 1696 537 1758 Parisios.
562 1687 922 1777 ε1111111611111111111
942 1717 989 1760 an.
1011 1697 1104 1760 1703.
1132 1698 1199 1778 bleg.
1220 1690 1335 1759 5623‘.
1367 1703 1403 1760 in
1500 1737 1501 1750 .

288 1808 387 1887 prima
401 1805 475 1886 solio
488 1797 594 1886 ‘questa
611 1805 685 1868 libro
702 1806 781 1868 n‘acb
795 1811 838 1868 mi
847 1806 996 1887 palatonio
1014 1799 1127 1888 etpieo'.

374 1935 404 1995 p.
421 1915 438 1974 1
454 1914 521 1975 albii
539 1907 642 1975 Tibulli
665 1922 750 1994 poete
770 1915 889 1976 illustris
904 1915 977 1976 liber
993 1915 1102 1994 incipit.
1132 1923 1160 1977 et
1175 1915 1270 1996 primo
1287 1916 1402 1996 prohe-

293 2025 394 2084 mium.
426 2023 505 2101 quod
521 2020 628 2102 spretis
644 2022 752 2083 diuitiis
768 2034 795 2084 et
809 2033 911 2084 cetera.

257 2151 259 2156 ’
375 2150 406 2210 p.
422 2128 463 2190 44
476 2131 661 2192 Monobiblos
678 2131 751 2194 sexti
766 2131 911 2212 Propertii
923 2131 1028 2193 Aurelii
1040 2132 1133 2193 Noute
1148 2132 1182 2193 ad
1196 2132 1320 2194 Tullum.
1347 2133 1402 2194 ln-

294 2239 364 2318 cipit
376 2239 448 2300 liber
462 2239 578 2300 Primus
594 2239 721 2302 feliciter.
998 2244 999 2247 ’

375 2368 406 2428 p.
422 2346 488 2407 132
507 2347 594 2408 Liber
615 2347 714 2410 Catulli
735 2358 841 2428 etpost
860 2367 961 2410 versas
979 2349 1139 2411 Bmoennti
1157 2349 1341 2432 Campesanii
1365 2353 1405 2414 ele

202 2451 206 2458 ’
293 2460 507 2518 resurrectione
520 2455 628 2517 Catulli
642 2457 740 2518 Catulli
757 2457 935 2516 Veronensis
951 2465 1036 2536 poete
1051 2457 1170 2519 illustris
1183 2460 1225 2519 Ad
1238 2460 1401 2521 cornelium

293 2565 365 2626 liber
383 2565 493 2646 incipit.
522 2586 550 2647 p.
569 2563 629 2626 179
647 2565 700 2627 abi
713 2566 815 2627 desinit
830 2565 961 2627 Catullus
979 2569 1010 2627 in
1024 2570 1084 2628 ima
1098 2570 1230 2647 margine
1243 2573 1404 2648 perparvis

293 2675 394 2737 litteris
409 2675 444 2736 ab
461 2675 560 2736 eadem
575 2694 665 2736 mann
679 2678 819 2755 scripturn

598 2783 678 2844 1423
695 2785 723 2844 di
739 2783 779 2842 29
796 2783 872 2844 nobr
887 2803 905 2860 p
923 2803 955 2862 op
971 2829 1074 2845 .....

596 2891 660 2969 'eple
676 2892 694 2951 6
711 2938 717 2950 .
736 2937 742 2950 .
760 2910 864 2950 uersas
882 2891 942 2952 228
946 2937 1074 2952 ......

375 3020 406 3081 p.
423 2998 484 3059 189
499 2999 616 3078 Sophos
633 2999 736 3060 Lesbia
753 3001 837 3060 Vates
856 2999 889 3060 ab
906 2999 1062 3077 phaonem.
1094 3020 1128 3060 er
1144 3001 1237 3078 grecis
1252 3002 1281 3062 in
1296 3002 1402 3063 latinas

294 3111 404 3171 litteras
425 3126 506 3169 verse
526 3126 578 3188 per
598 3107 744 3168 Nasonem
766 3107 984 3168 salmoriensem
1005 3116 1039 3170 ut
1056 3109 1154 3170 ierunt
1182 3110 1314 3178 nonnulli
1333 3111 1402 3189 epla

295 3237 390 3279 auree.
420 3217 613 3296 subscriptam
629 3235 660 3296 p.
681 3213 741 3276 184
758 3217 865 3277 Versus
887 3216 993 3278 CCXX.
1024 3218 1141 3297 Sophos
1158 3220 1235 3280 Vatis
1256 3220 1403 3282 llitilenee

263 3387 265 3390 .
295 3327 359 3408 eple
371 3325 495 3406 explicit.

379 3456 407 3516 p.
424 3433 486 3496 185
501 3433 657 3496 Petronius
674 3433 796 3496 Arbiter.
826 3445 852 3496 el
864 3438 993 3515 primam
1008 3438 1121 3517 quibem
1136 3438 1174 3498 ab
1186 3457 1217 3517 p.
1230 3435 1296 3498 295
1310 3455 1402 3516 nepae

255 3530 258 3534 ¹
293 3548 439 3627 pertinent
456 3547 581 3607 eiusdem
600 3546 680 3608 mebi
698 3555 835 3626 eaaerpta
855 3544 953 3626 peralta
972 3549 1004 3606 in
1020 3549 1119 3607 ceteris
1133 3545 1219 3608 braine
1235 3546 1346 3608 ordinis
1361 3545 1401 3607 li-

252 3697 258 3703 -
296 3651 357 3716 bris
377 3655 512 3734 leguntur
531 3673 596 3716 cnm
614 3657 800 3735 inscriptione
819 3665 845 3714 et
864 3655 1072 3736 subscriptione
1086 3659 1127 3716 eis
1141 3675 1214 3736 qaas
1228 3654 1357 3716 Petronii
1369 3675 1400 3735 p.

296 3764 314 3824 2
328 3775 395 3844 etp.
410 3762 469 3823 199
487 3762 632 3823 adnotavi.
660 3763 841 3843 subsequitur
856 3765 955 3825 deinde
971 3783 989 3822 a
1000 3782 1031 3842 p.
1044 3761 1110 3822 206
1123 3765 1161 3825 ab
1169 3783 1198 3844 p.
1212 3762 1280 3824 229
1294 3768 1403 3824 inseri-

292 3877 390 3953 ptione
412 3889 515 3932 carens
534 3889 604 3931 cena
622 3868 823 3933 Trimabcionis
837 3872 866 3934 H
881 3891 968 3952 qnam
988 3889 1118 3932 seorsum
1137 3873 1172 3933 ab
1188 3872 1246 3934 illis
1260 3877 1404 3952 enaerptis

295 3981 446 4044 recensebo
462 3979 586 4040 Venerat
605 3979 661 4040 iem
683 3981 789 4041 tercius
810 3980 871 4042 dics
886 4017 928 4024 -
943 4000 976 4040 ex
997 3979 1130 4042 incendio
1146 3981 1274 4062 fugimus
1292 3989 1334 4061 tp.
1349 3981 1402 4044 28.

297 4090 420 4162 baffi,
434 4089 497 4164 22).

378 4219 408 4282 p.
424 4195 492 4259 229
505 4209 570 4278 pust
588 4197 714 4278 sugimus
732 4201 876 4259 interiecta
898 4217 989 4261 uuella
1006 4200 1173 4280 spatialem
1190 4217 1248 4260 nox
1265 4199 1404 4266 hibernas
