3008 4962
1111 477 1197 521 mxl

95 636 144 679 nes
168 615 256 678 Cac'acs
280 613 476 677 Tilebomenus
500 614 626 676 Lmea'ee
647 612 829 674 Parisiorum
854 623 974 676 coeunte
1000 630 1076 674 anna
1103 609 1197 674 1664.

98 725 291 786 Tiicbamenus
310 728 360 785 iste
380 736 420 786 est
433 722 558 785 loannes
573 722 697 785 Iacobus
711 722 861 785 Menteiius
882 726 963 784 cuius
977 722 1129 802 exemplar
1143 721 1197 784 Pc-

96 837 263 895 tranianum
277 837 308 893 in
319 835 504 913 praefatione
515 833 706 912 praedicatur
717 821 860 911 ‘felicibus
872 835 1041 892 coniecturis
1053 822 1196 892 ditatum’.

97 952 124 1003 at
136 960 206 1003 aero
221 944 249 1002 is
263 959 335 1020 qaae
349 959 437 1021 super
452 942 546 1002 decem
561 939 693 1001 oersr‘bus
708 942 848 999 carminis
863 940 896 1000 de
909 938 982 1000 aelia
995 939 1076 1000 ciaiii
1084 942 1200 1020 scripsit

96 1054 124 1110 ia
139 1050 234 1112 codice
248 1048 383 1110 Parisino
399 1046 483 1108 8820
503 1059 616 1110 enotata
634 1047 707 1109 mihi
725 1067 743 1108 a
758 1047 932 1118 Froeianero,
950 1047 1065 1109 alisanae
1079 1057 1196 1110 mutua·
1281 1063 1289 1077 ·

97 1169 137 1219 tus
155 1168 209 1229 ost,
233 1161 392 1238 praecipue
418 1176 436 1217 a
456 1156 633 1218 Collaiaru‘o.
671 1159 723 1216 aiu
748 1166 844 1216 autem
862 1159 893 1215 in
912 1159 1045 1217 notitiam
1062 1159 1198 1217 virorum

97 1267 245 1328 doctorum
266 1284 336 1326 cena
352 1263 553 1326 Trioneicianis
570 1263 685 1344 perlata
704 1275 769 1325 erat
787 1283 852 1325 cum
872 1264 905 1325 de
925 1267 1044 1327 aan'tau
1058 1268 1118 1324 ecus
1133 1283 1197 1326 coe·

95 1385 195 1453 perant
218 1374 367 1436 dubitare:
380 1371 562 1434 'Hadrianus
580 1371 709 1433 Valesius
723 1365 812 1433 ‘ocooa
830 1373 898 1432 haec
915 1376 1013 1434 omnia
1026 1371 1113 1452 falsa,
1129 1372 1198 1452 ficta

96 1485 332 1562 suppositiaiapue
352 1499 419 1552 esse,
441 1481 573 1542 barbaro
592 1479 705 1560 sutilia,
725 1482 827 1542 iudicii
840 1482 1040 1560 doctrinaeque
1054 1499 1149 1542 vacua
1165 1499 1198 1542 aa

96 1590 178 1670 plana
199 1593 282 1652 omni
300 1609 338 1650 aaa
357 1599 439 1670 parte
454 1587 581 1650 ridicula
596 1607 630 1649 aa
645 1573 968 1668 ceremoniarumque
983 1599 1042 1650 tam
1056 1591 1088 1648 in
1102 1585 1199 1650 vorbis

96 1717 178 1778 auom
192 1702 224 1759 in
240 1699 329 1760 rebus
344 1698 378 1759 ab
397 1697 509 1758 Arbitri
521 1701 612 1776 penio,
630 1697 771 1777 elepantia
786 1717 819 1758 ac
834 1701 929 1758 nitore
944 1697 1025 1777 lonpe
1040 1687 1197 1770 recedero'‚

96 1804 214 1868 Ioannes
230 1805 455 1885 christophorus
475 1803 677 1883 Wapenseilrus
688 1798 853 1885 ‘confictum
868 1823 926 1866 esse
941 1805 1061 1884 apiano
1073 1805 1198 1884 quodam

97 1916 166 1977 istud
178 1913 383 1976 Trimalcianis
399 1917 525 1974 canaioii
534 1907 785 1994 supplementum',
804 1911 924 1973 Thomas
935 1911 1083 1974 Rainesias
1098 1912 1198 1974 saltem

94 2015 228 2103 ‘aliquam
243 2031 361 2102 partam
375 2019 568 2082 Patroniastri
586 2020 709 2083 aiicm'us
727 2012 797 2082 esse'
812 2021 869 2082 sibi
879 2025 1032 2101 persuasit
1065 2020 1100 2082 iis
1114 2039 1149 2081 aa
1164 2021 1198 2082 de

97 2149 126 2191 rc
138 2135 269 2194 instituta
285 2130 445 2192 licetnaois
459 2129 542 2191 toan
556 2133 626 2192 satis
640 2129 785 2191 mirabilis
798 2131 942 2206 videatur,
954 2131 1047 2212 effecit
1060 2140 1156 2190 tamen
1166 2139 1199 2191 ut

98 2243 240 2302 muntiare
258 2256 331 2300 cura
346 2238 469 2300 codicem
484 2242 688 2300 attaminarent
702 2250 728 2300 et
741 2243 773 2300 in
787 2239 968 2300 enuncianda
980 2255 1050 2299 cena
1060 2237 1197 2300 elabora·

97 2358 163 2408 rmt.
204 2348 317 2424 prodiit
341 2350 430 2427 ipitur
450 2345 641 2427 Trapurimae
660 2349 858 2426 fropmentum
878 2365 943 2408 cum
964 2345 1198 2408 annotationibus

96 2451 213 2518 Ioannis
226 2454 373 2537 Sanafferi
389 2454 521 2536 Vpsaliaa
537 2473 616 2516 anno
632 2452 731 2526 1665,
753 2474 817 2517 cum
832 2459 948 2536 epicrisi
960 2466 988 2516 et
1001 2455 1115 2516 scholiis
1129 2454 1197 2516 Rei-

97 2567 163 2624 mcii
179 2563 294 2645 Lipsiae
320 2581 396 2624 anna
418 2560 518 2634 1666,
540 2581 613 2624 cura
634 2561 834 2643 Ciristopicori
852 2563 976 2624 Arnolaii
990 2562 1198 2642 Narimberpoe

99 2688 168 2733 anna
182 2669 277 2732 1667.
299 2669 383 2731 nr'icil
395 2670 543 2732 Arnaidus
558 2675 714 2751 praestitit,
735 2671 916 2750 aliqacantum
931 2669 1092 2744 liciacum,
1108 2670 1198 2732 muita

97 2778 158 2855 pius
170 2778 338 2861 Sciteffarns
357 2783 407 2858 aui
422 2790 522 2859 pastea
542 2779 719 2859 spiciiepium
738 2789 877 2842 natarum
890 2755 966 2840 inter
981 2779 1113 2841 uenatus
1128 2799 1197 2841 eca-

100 2885 213 2948 demicas
226 2886 397 2968 ptcblicaor't,
409 2887 573 2967 plurimum
589 2891 718 2950 amnium
732 2887 871 2949 Nicotaus
885 2887 1021 2949 Heinsius
1035 2898 1126 2949 marta
1141 2891 1197 2950 im-

99 2995 201 3070 pertines
220 3012 277 3076 pua
297 2998 394 3056 minus
412 2999 472 3075 ipse
487 2994 654 3057 Petronium
669 2997 771 3058 ederet.
801 2993 925 3058 Ioannes
940 2994 1107 3058 Fra'dericus
1123 2995 1197 3058 Gro-

101 3106 195 3165 aaaias
215 3105 251 3166 de
275 3121 345 3164 cena
366 3123 431 3165 cum
446 3103 591 3186 Sciteffera
608 3123 707 3185 pauca
723 3123 779 3185 per
799 3104 910 3166 litteras
925 3108 1197 3176 communicaverat,

98 3199 219 3272 ‘dictata'
240 3215 303 3274 aius
323 3215 386 3290 (ms.
409 3211 535 3274 Gronov.
550 3212 612 3292 53)
634 3232 707 3292 puae
724 3213 910 3294 Piuppersius
931 3213 1074 3274 leidensis
1094 3212 1198 3274 biblia-

102 3316 186 3380 tiecae
194 3322 362 3401 praefectus
372 3321 444 3381 mihi
455 3323 645 3384 commodavit
656 3324 764 3402 scripta
772 3333 838 3383 sunt
846 3334 910 3383 ante
919 3330 1066 3402 repertum
1074 3321 1197 3382 codicem

104 3423 324 3507 Trapuriensem.
351 3447 389 3490 en
411 3430 510 3490 cadem
531 3428 698 3492 bibliotheca
714 3434 812 3510 accepi
825 3427 926 3490 iacobi
940 3419 1198 3489 Gronooii‘anna-

102 3543 154 3596 tata
172 3539 209 3598 od
227 3555 322 3618 nuper
339 3541 489 3598 inventum
503 3537 633 3600 Petronii
649 3529 860 3619 frapmentum’
882 3545 950 3615 tms.
972 3534 1098 3596 Gronau
1119 3534 1196 3612 125)

102 3659 217 3719 auarum
236 3644 440 3706 Burmannnm
459 3647 541 3707 videa
561 3646 667 3708 bonam
683 3658 800 3728 partem
816 3645 1013 3726 depeculamm
1032 3663 1098 3706 esse.
1128 3643 1199 3706 Del-

102 3755 193 3813 matici
206 3755 311 3815 codicis
325 3753 490 3834 enemplari
502 3758 682 3816 sanctissime
696 3756 774 3834 sacto
791 3752 934 3836 alannae
948 3753 1035 3815 lucio
1050 3751 1159 3815 Romae
1174 3765 1201 3815 et

103 3858 136 3918 od
155 3861 364 3941 typoprapitum
383 3861 668 3923 tmscetaaamensem
689 3865 775 3924 missa
797 3864 911 3924 adiutus
926 3861 1051 3924 Michaei
1065 3862 1199 3924 Hadria-

103 3967 176 4028 nicies
201 3987 277 4030 anna
297 3968 383 4030 1666
404 3970 482 4050 apud
501 3968 642 4031 loannem
660 3969 813 4032 Biaeaium
828 3948 946 4051 primus
963 3974 1125 4051 compositis
1143 3989 1199 4033 ea-

104 4078 199 4152 captis
218 4076 350 4138 omnibus
369 4077 455 4138 talem
474 4077 567 4158 qualis
581 4077 663 4140 nodie
678 4082 886 4160 circumfertur
900 4079 1067 4140 Petronium
1082 4083 1199 4141 concin-

103 4185 191 4242 navit:
209 4187 273 4262 suse
292 4189 347 4266 epit
366 4187 399 4247 da
418 4205 495 4247 navo
516 4187 609 4247 coaice
626 4206 655 4266 p.
672 4185 773 4261 73ss.‚
795 4189 829 4248 de
850 4198 940 4249 cetera
961 4198 1020 4248 tam
1036 4190 1155 4248 inertem
1169 4205 1198 4246 se

102 4290 230 4363 praebuit
246 4294 369 4356 iudicem
389 4313 477 4374 quam
495 4299 680 4374 interpretem
698 4295 820 4376 futilem.
851 4294 971 4356 Ioannis
990 4285 1197 4374 Boscitii‘pra-
