3022 4956
198 439 202 447 -
303 421 346 484 94
774 415 929 469 rnrnoun

304 581 401 636 rectus
412 572 585 652 pernoctari
596 572 701 651 gaudio
714 572 909 652 despoliatum
921 578 1021 631 torum
1031 615 1106 631 .....
1120 570 1145 630 si
1158 587 1215 649 qua
1227 577 1272 631 est
1281 569 1400 630 amanti
1414 581 1432 632 n

305 672 360 734 bns
376 672 458 744 fides,
477 672 550 750 [ego]
567 668 703 742 dubitari,
720 688 757 733 an
771 679 920 750 ununque
935 669 1087 731 traicerem
1102 669 1197 748 gladio
1213 685 1402 746 somnumque

306 771 395 834 morti
414 770 573 849 iungerem.
602 769 694 830 tutius
713 769 832 830 demum
852 776 970 830 secutus
991 768 1145 830 consilium
1167 768 1272 828 Gitona
1291 765 1403 845 quidem

304 869 476 932 verberibus
496 868 628 942 excitari,
649 865 788 946 Ascylton
808 876 904 929 autem
924 868 998 929 truci
1018 867 1134 927 intuens
1154 866 1236 927 vultu
1251 855 1403 945 ‘quoniam'

304 969 426 1050 inquam
442 958 542 1028 ‘fidem
562 964 671 1026 scelere
692 964 806 1026 violasti
831 975 860 1027 et
879 985 1067 1028 communem
1087 964 1257 1040 amicitiam,
1275 983 1322 1026 res
1340 970 1401 1024 tuas
1417 977 1430 1026 5

306 1068 388 1130 ociurs
402 1066 472 1128 tolle
486 1075 515 1127 et
529 1064 617 1126 alium
631 1064 744 1138 locum,
760 1053 846 1144 quem
862 1066 991 1145 polluas,
1009 1056 1134 1145 quaere.³
1161 1083 1224 1126 non
1238 1063 1405 1144 repugnavit

306 1167 362 1241 ille,
379 1167 431 1228 sed
446 1172 603 1246 postquam
620 1163 730 1244 optima
744 1164 802 1224 lide
816 1165 914 1245 partiti
929 1163 1081 1225 manubias
1097 1183 1215 1237 sumus,
1231 1153 1300 1242 ‘age'
1317 1162 1405 1242 inquit

252 1266 292 1330 80
303 1256 400 1328 ‘nunc
418 1273 448 1326 ct
467 1282 592 1344 puerum
611 1254 790 1324 dividamus?
821 1263 910 1325 iocari
925 1262 1066 1343 putabam
1082 1262 1291 1324 discedentem.
1321 1269 1351 1321 at
1363 1259 1405 1320 ille

307 1364 436 1444 gladium
450 1360 613 1440 parricidali
629 1379 719 1422 manu
734 1361 851 1422 strinxit
865 1369 894 1422 et
904 1353 977 1423 ‘non
987 1352 1101 1424 frueris'
1112 1354 1285 1442 inquit‘hac
1294 1351 1405 1441 praedi,

308 1479 500 1542 superquam
516 1460 598 1522 solus
612 1459 767 1522 incumbis.
790 1467 902 1539 partem
917 1479 1012 1522 meam
1028 1480 1147 1523 necesse
1163 1470 1209 1523 est
1220 1461 1263 1522 vel
1278 1460 1337 1522 boc
1350 1460 1405 1537 gla-
1421 1461 1444 1512 1⁰

309 1559 357 1621 dio
374 1564 562 1638 contemptus
577 1549 768 1620 abscindam?
790 1558 867 1620 idem
883 1578 936 1638 ego
952 1581 986 1622 ex
1001 1561 1088 1622 altera
1103 1568 1185 1640 parte
1195 1561 1253 1621 feci
1264 1568 1293 1621 et
1302 1561 1406 1623 intorto

308 1659 385 1721 circa
399 1657 550 1719 brachium
565 1657 651 1738 pallio
666 1658 822 1737 composui
837 1659 871 1719 ad
883 1658 1086 1738 proeliandum
1098 1660 1230 1739 gradum.
1253 1660 1330 1720 inter
1340 1659 1408 1719 banc

308 1759 485 1820 miserorum
501 1757 676 1818 dementiam
691 1756 909 1818 infelicissimus
924 1776 998 1837 puer
1008 1757 1146 1837 tangebat
1157 1757 1308 1838 utriusque
1321 1775 1407 1836 genua

309 1877 376 1920 cum
392 1858 462 1920 lletu
475 1855 647 1937 petebatque
662 1857 842 1936 suppliciter,
858 1875 896 1916 ne
908 1856 1082 1919 Thebanum
1096 1877 1151 1938 par
1164 1857 1282 1920 humilis
1294 1856 1409 1918 taberna

310 1963 469 2038 spectaret,
491 1973 565 2016 neve
580 1954 721 2033 sanguine
737 1960 839 2015 mutuo
854 1954 1052 2034 pollueremus
1067 1956 1268 2018 familiaritatis
1284 1954 1406 2018 durissi-
1422 1958 1444 2007 15

310 2075 375 2117 mae
395 2073 487 2116 sacra.
513 2045 608 2134 ‘quod
624 2053 650 2115 si
664 2045 777 2133 utique'
793 2053 992 2132 proclamabat
1002 2046 1148 2116 ‘facinore
1162 2074 1238 2134 opus
1254 2064 1313 2129 est,
1334 2054 1408 2116 nudo

310 2173 376 2214 ecce
394 2153 541 2232 iugrdum,
568 2153 728 2213 convertite
746 2153 804 2213 huc
829 2170 949 2226 manue,
977 2152 1136 2232 imprimite
1156 2161 1326 2216 mucrones.
1361 2171 1408 2231 ego

311 2251 388 2311 mori
402 2251 504 2326 debeo,
521 2249 571 2329 qui
585 2251 728 2312 amicitiae
743 2259 957 2313 sacramentum
973 2243 1082 2312 deleri?
1109 2251 1291 2314 inhibuimus
1303 2251 1410 2313 ferrum

310 2355 381 2428 post
395 2349 448 2408 has
463 2366 575 2429 preces,
592 2357 622 2409 et
635 2349 717 2429 prior
732 2351 866 2431 Ascyltos
877 2340 953 2428 ‘ego’
967 2349 1061 2428 inquit
1071 2339 1170 2412 ‘finem
1185 2351 1349 2412 discordiae
1359 2350 1409 2410 im-

311 2464 430 2526 ponam.
460 2466 535 2528 puer
548 2447 622 2528 ipse,
638 2466 725 2527 quem
735 2448 803 2523 vult,
818 2457 966 2529 sequatur,
982 2457 1014 2511 ut
1026 2450 1064 2510 sit
1073 2449 1113 2511 illi
1125 2450 1226 2511 saltem
1238 2451 1269 2512 in
1282 2448 1408 2530 eligendo
1423 2450 1447 2502 2⁰

309 2546 399 2609 fratrc
413 2545 490 2608 salva
501 2539 637 2609 libertas?
659 2565 712 2625 ego
725 2546 774 2626 qui
785 2547 1012 2608 vetustissimam
1025 2550 1266 2612 consuetudinem
1278 2549 1411 2629 putabam

311 2645 342 2706 in
357 2645 506 2724 sanguinis
522 2645 629 2726 pignus
644 2645 798 2719 transisse,
815 2646 887 2707 nihil
901 2647 994 2723 timui,
1009 2649 1101 2709 immo
1114 2648 1317 2709 conditionem
1333 2665 1411 2727 prae-

311 2743 391 2823 cipiti
406 2743 593 2806 festinatione
607 2745 691 2825 rapui
707 2745 898 2825 commisique
913 2746 1001 2808 iudici
1015 2746 1109 2820 litem,
1129 2747 1178 2826 qui
1192 2764 1231 2807 ne
1251 2745 1412 2808 deliberarit

311 2840 441 2919 quidem,
456 2849 489 2902 ut
501 2842 648 2905 rideretur
663 2851 824 2918 cunctatus,
838 2863 938 2906 verum
950 2847 1048 2907 statim
1060 2846 1095 2907 ab
1107 2854 1236 2908 extrema
1246 2843 1330 2926 parte
1341 2842 1412 2907 verbi

311 2937 498 2998 consurrexit
517 2950 543 3000 et
562 2941 681 3004 batrem
700 2942 838 3022 Ascylton
859 2943 952 3022 elegit.
981 2943 1151 3006 fudminatus
1171 2945 1225 3006 bac
1243 2944 1410 3024 pronuntia·
1425 2945 1449 2995 25

311 3035 400 3108 tione,
417 3035 459 3126 sic
473 3044 506 3098 ut
520 3059 608 3115 eram,
625 3042 688 3102 sine
704 3041 800 3120 gladio
815 3044 846 3103 in
860 3042 997 3103 lectulum
1013 3043 1117 3118 decidi,
1133 3052 1162 3106 et
1172 3045 1337 3106 attulissem
1348 3039 1413 3106 mihi

313 3133 469 3196 damnatus
484 3155 599 3211 manus,
615 3138 640 3198 si
654 3155 717 3200 non
732 3140 841 3203 inimici
853 3141 990 3203 victoriae
1004 3141 1182 3206 incidissem.
1209 3131 1357 3223 egreditur
1368 3160 1413 3204 su·

312 3234 421 3315 perbus
442 3254 510 3297 cum
529 3235 662 3315 praemio
677 3237 810 3318 Ascyltos
831 3247 861 3300 et
879 3240 966 3320 paulo
982 3249 1049 3302 ante
1065 3241 1250 3304 carissimum
1265 3243 1321 3304 sibi
1337 3259 1414 3304 com·

385 3455 398 3500 1
412 3452 562 3516 pertractaui
575 3457 586 3499 t
674 3452 830 3515 dispoliatam
842 3450 902 3501 libri
984 3453 1105 3503 lacunam
1117 3451 1197 3502 statui
1208 3451 1306 3502 Iahnio
1318 3458 1415 3502 auctore

312 3524 434 3588 suppum
451 3525 554 3587 illosque
573 3539 624 3572 nno
642 3523 791 3572 dormientes
803 3523 854 3572 uidi
944 3532 959 3577 2
979 3540 1026 3588 ego
1039 3523 1194 3574 oddilicium
1283 3525 1415 3573 traiicerem

313 3594 374 3644 libri
473 3596 580 3644 Smerti
603 3595 742 3659 ingererem
760 3601 786 3643 et
802 3593 831 3643 in
847 3595 964 3660 maryiue
982 3598 1098 3646 mortiet
1186 3596 1286 3645 demum
1299 3601 1347 3660 pt.-
1365 3593 1416 3642 dein

314 3665 340 3712 L
440 3663 588 3714 GnitonaL
672 3664 938 3716 5scelesteNodotzos
1020 3666 1198 3731 ipostqnsm]
1206 3683 1298 3730 pauco
1310 3664 1416 3715 omisisse

315 3741 449 3797 eoeerptor
465 3735 572 3786 uidetur
661 3738 868 3800 ttpsrricidialit
957 3741 987 3786 11
1009 3747 1148 3788 contemtus
1160 3737 1344 3788 Bumoooos:
1362 3749 1416 3786 con·

314 3813 396 3854 tentus
413 3804 481 3865 libri,
501 3808 619 3855 continno
631 3823 720 3872 morqo
733 3815 750 3856 t.
786 3809 885 3857 dimidio
899 3816 1030 3858 contentus
1048 3808 1182 3860 Iooobsiue
1278 3807 1416 3874 abscindam

313 3875 340 3927 L
428 3877 493 3924 idem
505 3876 584 3926 noble
596 3878 724 3929 coelestum
736 3885 773 3928 est
784 3878 821 3928 od
832 3879 948 3930 strictum
957 3879 1076 3946 gladium
1087 3881 1194 3946 referre.
1221 3879 1284 3930 uide
1295 3880 1373 3948 ipitur
1384 3892 1416 3926 on

316 3947 380 3997 tolio
392 3946 524 4011 perierint
533 3950 654 4012 simulque
666 3967 771 4015 puerum
783 3951 814 4000 ad
827 3967 853 4001 se
865 3953 967 4001 trahens
980 3953 1132 4002 dimicationi
1143 3969 1169 4003 se
1182 3954 1339 4016 praeparauit

317 4021 349 4068 15
369 4019 508 4068 carissimae
528 4018 667 4072 Geraestico
775 4025 807 4071 21
828 4024 896 4072 solue
915 4019 1006 4072 om.L
1112 4025 1154 4088 qui
1167 4039 1204 4087 p:
1222 4039 1270 4076 orn.
1288 4022 1324 4072 Lt

316 4093 350 4141 22
363 4090 529 4154 transiissept
624 4092 714 4144 imoI1
803 4096 837 4143 28
856 4094 1122 4159 scribendumarripui
1212 4097 1245 4144 25
1260 4091 1415 4152 consenescit.

316 4170 342 4213 et
351 4162 380 4214 in
387 4160 521 4226 principio
533 4159 597 4214 noui
608 4179 699 4215 uersae
710 4165 812 4215 bitrem
821 4163 853 4216 L.
873 4180 917 4232 epo
929 4174 953 4216 et
966 4164 1076 4228 addidi5
1088 4167 1238 4229 benemquo
1251 4163 1368 4216 Nodotoa

316 4238 349 4286 26
370 4235 465 4286 cinctus
483 4234 566 4299 gladio
585 4231 719 4288 Ioeobeiuo
827 4239 859 4285 27
878 4238 1038 4288 damnatsst
1142 4238 1279 4287 inciderem
1297 4237 1322 4286 L
