3022 4956
295 397 337 464 ga
769 389 925 448 rurnonu

294 549 377 614 derit
408 566 463 613 nec
477 565 538 612 nou
553 566 607 628 ego
624 566 741 630 quoque
756 547 870 622 ebrius,
891 547 940 627 qui
955 547 1043 610 etiam
1058 547 1172 628 pictum
1186 549 1333 612 timueram
1347 557 1425 611 oa-rr

295 666 378 721 nem,
405 648 475 708 dum
496 647 605 709 natanti
625 666 713 727 opem
732 646 812 723 fero,
839 647 869 708 in
887 647 1014 708 eundem
1034 649 1177 726 gurgitem
1197 653 1305 708 tractus
1323 667 1391 709 sum.

296 745 420 810 serravit
439 764 495 808 nos
516 750 613 807 tamen
633 745 782 819 atriensis,
805 744 855 824 qui
870 745 1036 806 interventu
1050 764 1105 807 suo
1122 752 1150 806 et
1166 763 1270 806 canem
1284 746 1395 825 placarit

296 853 326 908 et
345 864 401 908 nos
420 851 579 907 trementes
600 842 723 904 extraxit
743 841 773 902 in
793 842 912 904 siccum.
943 850 972 903 et
989 841 1076 904 Giton
1091 843 1208 922 quidem
1224 842 1393 906 iamdudum

296 963 328 1006 se
342 944 455 1007 ratione
466 942 634 1008 acutissima
645 940 809 1002 redemerat
820 960 836 1002 a
848 959 930 1016 cane,
946 940 1084 1020 quicquid
1098 946 1177 1006 enim
1192 965 1208 1007 a
1224 942 1307 1007 nobis
1318 961 1392 1004 aoce—
1407 955 1419 1003 5

290 1050 378 1125 ,perat
392 1044 428 1104 de
444 1060 522 1116 cena,
536 1039 651 1103 latranti
666 1045 822 1120 sparserat.
852 1037 941 1099 atille
956 1048 1093 1102 avocatus
1109 1042 1173 1103 cibo
1188 1043 1318 1104 furorem
1329 1059 1393 1119 sup-

297 1149 455 1222 presserat.
485 1145 614 1200 ceterum
631 1155 697 1199 cum
713 1137 839 1215 algentes
855 1135 954 1215 utique
969 1137 1147 1216 petissemus
1163 1140 1199 1202 ab
1214 1141 1347 1212 atriense,
1365 1146 1395 1200 ut

297 1259 354 1302 nos
366 1247 444 1300 extra
456 1238 571 1299 ianuam
585 1236 738 1309 emitteret,
746 1226 847 1297 ‘erras'
863 1235 958 1315 inquit
966 1226 1004 1296 ‘si
1015 1244 1102 1316 putas
1113 1245 1142 1298 te
1153 1238 1232 1299 exire
1243 1239 1298 1300 hac
1307 1255 1393 1318 posse,

298 1357 354 1418 qua
374 1335 489 1397 venisti.
518 1353 606 1395 nemo
629 1352 758 1414 unquam
774 1335 962 1396 convivarum
978 1353 1031 1414 per
1046 1337 1168 1397 eandem
1184 1335 1303 1398 ianuam
1315 1335 1393 1396 emis-

242 1441 282 1502 73
298 1455 349 1498 sus
364 1441 422 1496 est:
437 1433 490 1494 alla
505 1433 624 1506 intrant,
641 1433 694 1494 alia
709 1423 833 1494 exeunt?
859 1433 927 1510 quid
942 1432 1082 1494 faciamus
1096 1434 1235 1495 homines
1250 1433 1393 1496 miserrimi
1410 1440 1433 1489 tu

299 1541 329 1596 et
343 1531 411 1594 nori
427 1531 542 1610 generis
557 1530 722 1612 labyrintho
737 1531 851 1606 inclusi,
868 1531 973 1611 quihus
989 1532 1077 1592 lavari
1092 1532 1150 1593 iam
1162 1541 1298 1612 coeperat
1306 1540 1393 1594 votum

298 1629 386 1694 esse‘.l
416 1630 494 1693 ultro
510 1649 580 1710 ergo
595 1631 773 1708 rogavimus,
789 1638 821 1692 ut
835 1649 892 1692 nos
907 1630 943 1691 ad
958 1629 1094 1690 balneum
1110 1629 1238 1705 duceret,
1254 1632 1394 1712 proiectis-

299 1750 355 1812 que
369 1730 565 1803 vestimentis,
586 1747 659 1809 quae
674 1729 762 1791 Giton
777 1728 808 1790 in
823 1729 902 1790 aditu
918 1729 1027 1790 siccare
1042 1727 1149 1808 coepit,
1164 1727 1301 1792 balneum
1315 1730 1393 1791 intra-

298 1829 407 1903 vimus,
422 1836 580 1908 angustum
595 1827 704 1889 scilicet
720 1836 748 1888 et
763 1827 904 1889 cisternae
918 1827 1083 1906 frigidariae
1098 1825 1205 1902 simile,
1221 1828 1251 1888 in
1268 1847 1325 1908 quo
1339 1826 1394 1888 Tri-

298 1927 425 1988 malchio
440 1935 538 1989 rectus
555 1926 657 1988 stabat.
688 1945 722 1987 ac
737 1945 773 1987 ue
788 1928 830 1988 sic
845 1927 961 2006 quidem
975 1925 1190 2006 putidissimam
1203 1927 1265 1988 eius
1277 1925 1392 1987 iactatio·
1409 1933 1432 1982 15

299 2044 368 2087 nem
383 2024 465 2086 licuit
479 2025 620 2104 effugere3
636 2043 705 2086 nam
720 2025 792 2086 nibil
807 2025 911 2086 melius
927 2043 994 2085 esse
1009 2024 1133 2099 dicebat,
1149 2043 1238 2104 quam
1250 2026 1314 2086 sine
1323 2024 1396 2086 turba

299 2122 400 2209 lavari,
417 2129 446 2183 et
461 2141 495 2184 eo
512 2122 579 2202 ipso
594 2124 660 2185 loco
672 2117 828 2203 'aliquando
844 2124 1004 2205 pistrinum
1018 2123 1120 2186 luisse.
1151 2123 1256 2185 deinde
1271 2131 1304 2185 ut
1316 2124 1395 2185 lassa-

299 2228 348 2282 tus
371 2220 518 2295 consedit,
540 2222 678 2284 invitatus
700 2223 794 2284 balnei
817 2240 893 2284 sono
913 2222 1026 2284 diduxit
1044 2239 1138 2300 usque
1157 2221 1192 2282 ad
1212 2239 1395 2284 cameramos

301 2317 415 2380 ebrium
430 2324 459 2378 et
473 2320 570 2400 coepit
584 2321 755 2384 Menecratis
771 2322 880 2384 cantica
894 2323 1035 2393 lacerare,
1051 2321 1127 2382 sicut
1142 2319 1181 2380 illi
1196 2321 1341 2394 dicebant,
1354 2317 1396 2398 qui

300 2418 430 2497 linguam
450 2418 512 2480 eius
531 2419 735 2498 intelligebant.
766 2422 854 2483 ceteri
873 2421 1010 2482 convivae
1036 2419 1112 2481 circa
1135 2419 1251 2480 labrum
1273 2417 1394 2480 manibus
1408 2420 1433 2470 2⁰

301 2516 383 2580 nexis
399 2517 553 2580 currebant
567 2525 596 2579 et
611 2519 770 2599 gingilipho
787 2519 896 2599 ingenti
913 2519 1038 2582 clamore
1053 2518 1223 2580 exonabant.
1254 2517 1299 2579 alii
1309 2523 1396 2578 autem

301 2624 351 2680 aut
365 2618 507 2680 restrictis
528 2617 663 2680 manibus
683 2619 785 2680 anulos
807 2619 842 2680 de
862 2617 1029 2698 pavimento
1051 2618 1231 2679 conabantur
1245 2617 1340 2679 tollere
1353 2620 1397 2676 aut

301 2716 400 2797 posito
420 2735 496 2796 genu
513 2717 637 2778 cervices
652 2724 722 2797 post
735 2724 815 2796 terga
830 2716 946 2776 flectere
961 2723 990 2777 et
1003 2717 1111 2795 pedum
1127 2725 1274 2778 extremos
1289 2713 1394 2795 pollices

301 2820 429 2892 tangere.
460 2833 525 2889 nos,
542 2817 612 2877 dum
629 2816 675 2876 alii
690 2816 746 2877 sibi
759 2816 845 2877 ludos
861 2814 984 2888 faciunt,
1001 2815 1030 2876 in
1046 2815 1166 2892 solium,
1186 2815 1267 2895 quod
1283 2811 1393 2876 Trimal-

303 2911 401 2972 chioni
415 2913 580 2991 parabatur,
596 2914 801 2976 descendimus
1405 2915 1436 2965 25

377 3092 388 3137 l
405 3090 535 3138 exterritus
548 3088 659 3139 Iabne'no
745 3091 759 3138 5
779 3105 805 3140 se
818 3091 913 3140 ratione
925 3088 1084 3153 Sebeffcrne:
1097 3088 1280 3139 seruetioneH
1348 3089 1360 3136 6
1377 3091 1397 3134 et

309 3158 507 3224 Webliusp.38,
521 3161 692 3210 itchr'nee'ne
775 3165 805 3210 11
825 3163 965 3211 laberintho
978 3161 1012 3210 H
1086 3161 1127 3209 ian
1140 3160 1174 3209 H
1251 3163 1282 3208 12
1294 3159 1398 3225 fortasse

302 3240 362 3282 arete
381 3229 544 3297 proiectisque
563 3232 694 3296 deecn'pto
712 3241 770 3282 erat
786 3233 833 3282 nin
851 3232 887 3282 ad
907 3231 1025 3282 balneum
1042 3239 1067 3280 et
1078 3231 1125 3281 illa
1133 3247 1201 3297 pore
1214 3229 1304 3282 domne
1315 3231 1343 3280 in
1354 3245 1400 3294 qno

303 3303 422 3356 balneum
434 3313 492 3354 eret
581 3307 614 3353 14
633 3318 681 3368 quo
700 3303 805 3368 scripsi:
825 3321 874 3368 que
886 3303 920 3353 H
1005 3306 1037 3352 15
1056 3318 1103 3352 neo
1121 3311 1203 3354 rectus
1220 3302 1264 3353 nel
1276 3305 1316 3352 uix
1329 3309 1400 3352 rectus

303 3378 427 3429 Helnee'na
499 3376 595 3428 conieci
612 3378 655 3426 hic
727 3377 778 3425 eius
796 3378 955 3426 iactationem
974 3375 1112 3425 Heinsius:
1133 3377 1156 3424 ei
1174 3376 1298 3424 actionem
1310 3374 1343 3424 H

305 3487 337 3534 16
357 3487 458 3550 elegere
477 3483 511 3534 H
612 3485 637 3532 in
656 3483 728 3532 turbe
740 3481 876 3531 Reinese'ne
986 3485 1017 3531 lt
1037 3469 1092 3532 lobo
1110 3468 1165 3546 ifreo
1178 3483 1211 3533 H
1224 3493 1253 3536 ut
1271 3485 1403 3536 coniecerat

302 3556 428 3606 Heinea'ne
539 3558 570 3605 le
589 3555 732 3606 menetretis
751 3553 786 3605 Η.
823 3554 975 3602 Maecenatis
995 3570 1052 3604 cnm
1069 3553 1189 3604 Bee'neoe'o
1206 3556 1332 3607 Heinsius

304 3629 338 3674 20
358 3629 444 3676 circha
461 3626 495 3675 H
627 3630 658 3676 21
680 3626 819 3690 gingilipho
837 3623 939 3674 indicat
955 3632 984 3674 nt
996 3633 1062 3689 puto
1081 3626 1234 3677 cantilenam
1253 3644 1331 3693 qnam
1348 3627 1404 3677 don

305 3696 379 3744 nenia
397 3695 516 3746 monibus
534 3697 563 3745 in
580 3697 663 3747 orbern
682 3705 791 3746 cnrrnnet
808 3694 941 3758 canebant,
960 3697 1015 3745 sine
1034 3714 1051 3746 o
1069 3693 1204 3766 γίγγλυμος
1217 3700 1362 3766 profectum
1373 3703 1405 3746 est

304 3764 359 3816 sine
382 3782 400 3815 o
417 3758 590 3835 yrpyellwpo'c,
615 3784 665 3832 qno
682 3785 744 3818 nens
763 3769 902 3832 gingilismo
921 3765 1066 3832 Sobefferne
1079 3771 1219 3833 proposuit
1237 3788 1294 3821 cone
1312 3770 1405 3821 deberet

300 3851 448 3902 proponere
467 3839 639 3902 gingilismon,
658 3839 712 3888 elne
731 3839 845 3889 aliunde.
883 3839 962 3888 aliern
980 3839 1052 3890 reione
1070 3840 1196 3890 Heinsius
1213 3841 1343 3908 inpressoro
1361 3843 1403 3891 sin·

304 3909 356 3972 guli
373 3913 466 3972 sophos
485 3907 591 3959 coniecit
609 3909 651 3961 cni
663 3911 828 3976 praeferrem
841 3911 889 3962 Gai
902 3913 996 3976 sophos
1079 3911 1196 3976 sortasse
1208 3916 1331 3964 sonabant

411 3994 415 4018 l
420 3995 424 4018 l
429 3995 433 4019 Ι
438 3995 442 4020 Ι

304 4082 389 4126 eutem
406 4083 449 4124 eut
467 4075 503 4125 H.
540 4075 578 4126 bis
601 4083 685 4127 antem
707 4077 831 4130 librarius
854 4082 999 4145 scalptores
1023 4089 1079 4132 erat
1096 4081 1125 4134 r'n
1143 4098 1193 4147 qno
1211 4083 1234 4132 el
1252 4083 1403 4148 archetypam

304 4145 466 4214 sequebatur,
484 4154 627 4211 suspectum
645 4157 688 4198 aut
705 4149 793 4200 uideri
805 4151 878 4202 debet
984 4156 1016 4202 22
1037 4155 1173 4204 conabatur
1185 4153 1218 4203 H
1321 4155 1402 4203 uehere

304 4219 437 4273 Halmius.
474 4219 587 4270 dentibus
604 4218 648 4269 trel
665 4235 707 4270 ore
726 4221 850 4274 excidisse
862 4223 1032 4275 Burrnannne
1051 4224 1212 4276 eniedraobat
1320 4227 1353 4274 24
1368 4237 1408 4274 so··
