3078 4956
266 443 327 502 ιιι
740 409 895 489 enrnouu

263 594 295 644 ab
314 593 476 676 etyrnolopico
494 610 587 678 ιιιιιφιο
606 593 634 643 in
653 609 703 678 qim
721 594 780 643 uoci
798 581 885 652 aubroc
904 593 967 644 leaeo
986 592 1170 643 adscribuntur
1187 582 1274 649 rubro:
1293 592 1318 643 δε
1331 592 1373 644 λί-

261 684 331 733 γιται
355 685 402 715 παν
421 684 448 715 το
470 654 562 732 μιταξυ
582 659 629 714 τῦν
648 657 762 716 τενόντων
781 685 823 716 του
844 659 975 786 τραχηλιυ
994 661 1077 734 δέρμα,
1096 683 1126 722 ως
1144 652 1282 733 Πετρωνιὸς
1300 671 1373 727 φησι.

213 735 307 786 'secl
324 735 450 786 medicum
469 736 620 786 Petronium
637 736 674 786 ibi
691 737 834 802 siquificari
852 736 988 786 laudatum
1006 737 1038 786 ab
1055 736 1181 787 Ibotiauo
1194 735 1294 787 Galeuo
1313 736 1375 786 aliis

257 807 429 874 probabiliter
447 807 560 857 [abuius
577 809 667 858 statuit

772 966 863 1028 XXIII

346 1079 556 1156 prammatieus
572 1077 606 1137 ele
619 1076 773 1155 peueribus
786 1077 998 1178 uomiuump
992 1073 1306 1156 messanensium
1321 1095 1374 1154 ge-

263 1163 342 1224 neris
353 1163 453 1223 'neutri
467 1169 496 1222 et
510 1161 662 1241 pluraliter
676 1162 758 1234 frete,
774 1170 807 1223 ut
821 1161 976 1223 Petronius
989 1152 1078 1222 ‘frete
1092 1153 1265 1223 Nereidum’

753 1348 884 1412 XXIIII*

349 1468 544 1548 Hieronymus
558 1470 590 1527 iu
604 1466 726 1547 epistula
738 1467 775 1526 al
786 1463 998 1527 Demetriadem
1011 1463 1117 1526 CXXX
1128 1462 1170 1526 19
1176 1485 1208 1547 p.
1220 1463 1287 1527 995
1303 1465 1374 1527 Val-

264 1567 361 1629 larsii:
374 1565 586 1629 cincinnatulos
598 1582 708 1644 pueros
720 1571 748 1625 et
760 1565 970 1626 calamistratos
982 1571 1010 1625 et
1021 1563 1166 1645 peregrim
1178 1563 1271 1625 muris
1288 1553 1375 1625 ol'en-

263 1674 308 1726 tes
323 1664 481 1744 peIIicules,
499 1666 535 1726 de
551 1663 656 1744 quibus
672 1663 740 1724 iliud
756 1664 863 1725 Arbitri
879 1671 925 1725 est

503 1755 580 1824 ‘non
596 1761 670 1824 bene
687 1762 744 1823 olet
759 1762 809 1842 qui
823 1762 897 1823 bene
913 1779 1030 1840 semper
1045 1751 1115 1822 olet’

265 1861 348 1943 qussi
363 1863 505 1945 quasdem
520 1868 619 1940 pestes
635 1868 664 1922 et
678 1877 788 1922 venena
802 1860 957 1940 pudicitIee
969 1859 1051 1939 virgo
1067 1858 1175 1921 devitet

335 2018 468 2070 Martialis
488 2018 567 2084 eplpr.
586 2017 686 2068 1112.-
709 2019 759 2066 hoc
778 2018 840 2066 mihi
858 2026 1000 2081 suspectum
1014 2025 1055 2066 est
1074 2018 1139 2080 quod
1158 2019 1209 2066 olcs
1227 2017 1305 2082 bene,
1324 2019 1375 2067 Po-

265 2098 353 2152 stnme,
372 2106 482 2154 semper;
505 2091 632 2172 Postume,
651 2105 702 2138 non
721 2091 785 2138 bene
804 2090 854 2138 olet
872 2090 913 2152 qui
931 2091 994 2138 bene
1013 2103 1110 2152 semper
1129 2090 1179 2137 olet
1196 2088 1234 2138 ita
1253 2087 1377 2139 adhibuit

264 2160 333 2214 tene
355 2162 506 2212 sereteutiam
527 2167 558 2210 ut
579 2161 609 2210 ire
633 2175 676 2210 ore
700 2159 773 2224 uulpi
796 2159 920 2210 uideatur
937 2166 1044 2210 uersata
1061 2175 1127 2223 esse,
1146 2167 1171 2208 et
1187 2159 1284 2209 similia
1301 2159 1377 2210 elicta

272 2232 426 2284 Wouuerius
446 2231 633 2318 (iolelastueque
652 2246 805 2296 conpeseere.
841 2231 878 2281 ael
896 2231 943 2280 illa
961 2239 1046 2280 autem
1063 2230 1219 2296 ffleroupmi
1236 2230 1298 2281 leaeo
1317 2231 1375 2282 edi·

265 2313 305 2354 tor
328 2295 487 2354 ιιιιιιοιιιιιιιε
486 2303 574 2366 potius
595 2302 767 2353 obseratorum
788 2319 834 2355 me.
856 2302 986 2353 lectionem
1009 2301 1122 2367 expendi
1143 2301 1232 2366 uelim,
1257 2302 1302 2352 ubi
1320 2319 1376 2366 pro

266 2377 359 2425 Arbitri
381 2375 482 2425 romine
501 2381 539 2424 est
555 2376 630 2424 triuii:
650 2374 761 2438 proprie
780 2374 847 2424 euim
864 2375 923 2423 illud
942 2375 1005 2424 triuii
1024 2373 1087 2423 dicit
1078 2382 1121 2424 tur
1133 2389 1186 2438 pro
1203 2340 1312 2440 ublqata
1325 2392 1375 2458 po·

260 2446 321 2513 puli
338 2463 451 2497 sermome
468 2446 594 2495 sententia
612 2444 755 2496 cuiusmodi
772 2445 835 2495 baec
853 2444 960 2496 uidetur
970 2439 1079 2510 fuisse‘.
1111 2445 1199 2509 itaque
1217 2461 1287 2497 utrae
1305 2447 1376 2510 optio

265 2527 302 2568 est
292 2517 351 2568 tile
370 2518 463 2568 tribue
457 2516 579 2582 ellpemli
597 2533 690 2567 unum:
709 2524 756 2566 aut
773 2518 837 2566 triuii
856 2517 960 2580 sempsit
976 2515 1153 2599 Hieronymus
1172 2516 1218 2580 qui
1235 2516 1272 2566 ael
1285 2517 1376 2568 Petro-

265 2590 337 2639 nium
353 2589 420 2639 alies
438 2606 568 2656 nusquam
586 2589 707 2654 respexit,
726 2597 773 2638 aut
782 2588 872 2654 salsus
891 2595 928 2638 est
944 2588 1066 2637 mercuria
1084 2587 1219 2638 Arbitrum
1237 2589 1377 2653 appellares

260 2676 312 2724 pro
334 2660 472 2723 Martiale,
500 2667 548 2709 aut
568 2659 659 2710 borum
682 2668 788 2724 uterque
813 2661 901 2710 tritum
923 2675 1037 2710 semmae
1060 2659 1186 2709 cmnmwni
1204 2659 1377 2723 prormrbium

265 2733 412 2796 usurpauit,
430 2748 492 2782 uam
509 2731 658 2782 Martialem
676 2739 821 2781 mutuatum
838 2729 905 2782 illud
923 2746 975 2780 esse
993 2748 1010 2780 a
1022 2731 1143 2782 Petronio
1160 2730 1264 2782 minime
1276 2732 1376 2797 proba-

266 2803 406 2856 blle¹duaa
442 2801 554 2867 denique
572 2802 605 2869 ef.
624 2803 722 2854 satirae
735 2819 765 2868 p.
780 2806 804 2868 4,
819 2807 834 2853 2

764 2975 870 3038 XXV*

350 3079 517 3160 Pulpmtius
531 3078 742 3160 mytbolopicou
756 3076 820 3138 119
831 3099 862 3159 p.
874 3077 917 3140 80
929 3080 962 3140 de
975 3075 1159 3140 Prometheo:
1175 3080 1308 3159 quemvis
1321 3081 1375 3142 Ni-

265 3198 386 3259 cagoras
399 3227 405 3242 .
419 3227 426 3241 .
440 3225 447 3240 .
460 3180 589 3261 primum
605 3178 685 3238 illum
700 3178 847 3238 formasse
864 3178 975 3239 idolum
994 3178 1115 3251 referat,
1130 3185 1159 3240 et
1175 3179 1253 3258 quod
1266 3180 1375 3241 vulturi

264 3279 345 3341 iecur
363 3278 516 3359 praebeat,
535 3275 634 3338 livoris
655 3275 737 3357 qussi
757 3277 858 3356 pingat
877 3276 1043 3356 imaginem.
1073 3277 1150 3338 unde
1169 3284 1199 3338 et
1217 3278 1375 3340 Petronius

265 3377 380 3441 Arbiter
394 3379 434 3440 sit

512 3465 580 3556 ‘qui
594 3475 691 3537 vultur
705 3473 785 3535 iecor
799 3475 934 3536 ultImum
951 3479 1082 3554 pererret
1161 3471 1164 3480 ’

530 3581 559 3634 et
572 3580 675 3654 pectus
690 3569 779 3634 trahit
793 3571 969 3651 intimasque
984 3572 1086 3644 fibras,

530 3690 592 3734 non
607 3678 653 3734 est
668 3689 754 3752 quem
770 3669 860 3751 tepidi
874 3677 979 3731 vocent
993 3677 1110 3750 poetae,

531 3772 581 3832 sed
597 3771 695 3834 cordis
710 3770 804 3842 mala,
820 3770 894 3832 livor
908 3777 993 3849 etque
1007 3761 1106 3829 luxns'

1399 3435 1404 3468 t

336 3905 539 3971 mptboprapbus
563 3909 704 3960 Vaticanus
728 3909 816 3959 tertius
840 3909 868 3959 irs
889 3907 920 3961 Α,
938 3905 996 3957 Mei
1015 3907 1087 3956 class.
1107 3914 1175 3956 auct.
1195 3904 1252 3956 ΙΙΙ
1261 3923 1292 3971 p.
1306 3909 1374 3957 248:

265 3979 341 4028 refert
358 3978 495 4041 Nicagoras
521 3987 546 4028 et
568 3989 671 4031 testetur
689 3984 820 4031 Petronius
839 3982 939 4031 Arbiter
957 3980 1136 4029 Prometheum
1155 3979 1263 4042 primum
1280 3979 1374 4027 idolum

265 4052 398 4106 sermenem
426 4051 546 4098 uulturi
540 4066 608 4100 ieeur
632 4054 774 4116 praebuisse
801 4068 831 4102 eo
855 4054 922 4117 quod
946 4051 1022 4100 iuuidi
1046 4052 1196 4100 dentosum
1215 4051 1373 4100 detractionis

265 4121 444 4172 momorderint
552 4123 564 4170 1
586 4124 626 4186 qui
645 4124 721 4173 Dour
723 4141 740 4171 a
750 4123 791 4186 f.:
811 4125 849 4174 cni
868 4122 929 4174 libri
1032 4112 1117 4170 ‘uetus
1135 4119 1238 4171 codeu'
1232 4136 1300 4172 recor
1318 4121 1374 4170 inti·

264 4210 334 4243 mum
338 4186 480 4252 ’Daniel‚·
503 4188 540 4240 sie
563 4191 802 4258 Moretepessulumue
824 4195 963 4246 Palatinus
992 4192 1147 4255 Vaticanus,
1171 4193 1238 4242 iecur
1258 4194 1373 4242 inimum

265 4263 414 4316 Leideaeis:
432 4263 545 4314 ultimum
564 4262 670 4315 Medius
689 4272 713 4314 et
730 4266 854 4331 autiquae
943 4272 1057 4330 penetret
1070 4229 1198 4314 Bartbiue
1305 4267 1321 4312 2
1337 4253 1374 4312 ‘et
