3008 4962
296 405 337 467 32
767 405 923 458 nunnoni]

294 557 436 636 imagines
450 557 556 637 pietas,
576 565 607 620 et
619 559 670 639 qui
684 559 747 622 dies
760 558 831 622 boui
845 561 954 641 quique
968 561 1150 623 inoommodi
1164 569 1278 637 essent,
1293 560 1394 623 distin-
1404 569 1436 619 nt

294 663 400 736 guente
418 655 494 718 bulla
513 656 700 720 notabantur.

352 751 365 838 ΙΙ
379 754 426 816 bis
445 755 548 834 repleti
567 756 764 836 voluptatibus
783 775 850 819 oum
870 775 1047 819 conaremur
1061 757 1093 818 in
1111 759 1270 822 trioliuium
1284 761 1427 833 intraret]

295 853 464 916 exclamarit
489 873 565 916 uuus
588 875 623 916 ex
645 857 757 936 pueris,
782 855 833 936 qrri
853 874 943 936 super
962 857 1020 916 boe
1039 857 1170 918 officium
1190 867 1254 919 erat
1273 858 1399 938 positus:

291 943 411 1015 ‘dextro
431 943 527 1033 pede’.
558 953 622 1015 siue
637 954 726 1017 dubio
742 954 891 1036 paulisper
905 955 1129 1034 trepidavimus,
1144 975 1182 1017 ne
1198 965 1301 1019 eontra
1316 976 1397 1037 prae·
1414 973 1424 1019 ι

295 1061 411 1132 septum
427 1052 532 1132 aliquis
547 1061 684 1116 nostrum
699 1054 786 1116 limen
801 1053 947 1115 transiret
963 1049 976 1136 ΙΙ
992 1061 1119 1114 ueterum
1135 1063 1169 1116 ut
1182 1056 1292 1135 pariter
1307 1055 1397 1116 movi·
1406 1061 1438 1112 111

294 1169 362 1212 mus
379 1151 497 1212 dextros
517 1171 651 1230 gressus,
673 1171 774 1214 servus
789 1152 877 1213 nobis
893 1150 1073 1230 despoliatus
1089 1154 1249 1231 procubuit
1262 1155 1298 1215 ad
1314 1154 1399 1234 pedes

295 1267 329 1310 ae
346 1266 450 1326 rogare
465 1251 574 1329 eoepit,
591 1259 623 1313 ut
638 1270 670 1312 se
684 1269 797 1332 poenae
811 1251 1005 1331 eriperemus:
1027 1269 1082 1312 neo
1097 1269 1237 1330 maguum
1254 1273 1321 1314 esse
1336 1271 1400 1332 peo-

295 1355 391 1410 eatum
408 1365 504 1422 suurn,
522 1351 737 1429 propterquod
753 1351 976 1431 periclitaretur3
992 1349 1133 1411 subducta
1148 1350 1227 1411 enim
1244 1352 1300 1413 sibi
1315 1350 1399 1412 vesti-

295 1447 614 1526 mentadispensatoris
626 1447 655 1509 iu
668 1448 782 1522 balneo,
795 1467 867 1527 quae
877 1448 922 1508 vir
934 1447 1061 1509 luissent
1072 1449 1172 1510 desem
1186 1451 1398 1511 sestertiorum.
1414 1453 1437 1503 1⁰

294 1545 446 1607 retulimus
454 1565 524 1626 ergo
534 1547 652 1609 dextros
661 1548 751 1627 pedes
760 1548 1051 1627 dispensatoremque
1059 1547 1089 1608 iu
1098 1549 1171 1610 atrio
1183 1568 1289 1611 aureos
1298 1567 1399 1610 nume-

294 1653 407 1708 rantem
428 1645 574 1727 deprecati
593 1665 712 1721 sumne,
739 1654 773 1708 ut
792 1667 877 1708 servo
897 1647 1060 1708 remitteret
1078 1654 1214 1726 poenam.
1257 1646 1398 1727 superbus

295 1744 341 1808 iile
356 1745 474 1808 sustulit
489 1747 600 1808 vultum
616 1753 645 1808 et
655 1737 727 1806 ‘uon
743 1751 802 1805 tam
817 1744 926 1807 iactura
941 1727 994 1804 me
1003 1736 1112 1804 movet'
1128 1744 1221 1824 inquit
1232 1735 1335 1824 ‘quam
1350 1762 1398 1804 ue

295 1845 428 1925 gligentia
449 1843 622 1925 nequissimi
638 1843 721 1906 servi.
750 1843 923 1904 vestimenta
939 1861 1002 1902 mea
1018 1841 1160 1904 cubitoria
1177 1843 1315 1923 perdidit,
1331 1860 1399 1922 quae

294 1943 366 2006 mihi
382 1944 468 2006 natali
482 1964 549 2005 meo
566 1944 655 2005 cliens
671 1942 789 2022 quidam
805 1942 970 2017 donaverat,
986 1940 1072 2022 'lyris
1087 1941 1148 2003 sine
1160 1942 1260 2016 dubio,
1277 1942 1330 2004 sed
1345 1941 1397 2001 iam
1413 1948 1435 1996 15

296 2043 386 2103 semel
401 2042 469 2103 lota.
500 2042 568 2121 quid
585 2059 654 2120 ergo
670 2038 736 2102 est‘l
763 2041 842 2102 dono
857 2039 941 2101 vobis
957 2031 1044 2100 eum.'

239 2144 278 2208 31
381 2143 505 2223 οΙιΙίςιιί1
518 2151 579 2206 tarn
599 2144 700 2224 grandi
715 2143 855 2206 beneficio
873 2161 940 2204 oum
954 2142 1146 2204 intrassemus
1161 2142 1336 2218 triclinium,
1352 2161 1398 2202 oo-

296 2241 388 2303 ourrit
401 2241 488 2303 nobis
504 2241 549 2304 ille
563 2241 640 2304 idem
657 2262 767 2317 servus,
782 2261 837 2322 pro
854 2261 913 2322 quo
929 2260 1150 2320 rogaveramus,
1171 2249 1200 2302 et
1215 2241 1399 2321 stupentibus

295 2339 475 2420 spississima
491 2341 570 2404 basia
585 2341 706 2422 impegit
717 2341 822 2420 gratias
834 2358 923 2419 agens
935 2339 1108 2402 humanitati
1120 2347 1248 2402 nostrae.
1273 2340 1309 2402 ad
1322 2359 1399 2403 sum-

297 2501 394 2510 -.—

295 2573 354 2622 loris
374 2571 437 2626 eonl.
457 2588 515 2636 cap.
535 2574 568 2621 10
586 2571 764 2622 Bnrrnannns.
802 2566 921 2619 dicebant
939 2569 1005 2618 iores
1023 2577 1048 2618 et
1066 2569 1124 2618 soris
1144 2567 1180 2618 sie
1198 2576 1228 2618 ιιι
1245 2571 1278 2619 od
1297 2577 1323 2620 et
1339 2567 1399 2634 apud

239 2659 252 2682 v
295 2645 402 2708 aliquem
421 2657 510 2695 cenare
631 2643 745 2692 eoeneuit
763 2639 958 2692 Bronaltlsnsins
1074 2641 1119 2698 ᾖ
1136 2639 1169 2702 L,
1189 2641 1240 2690 VH
1253 2648 1287 2705 pt

369 2737 380 2781 1
402 2740 461 2782 ante
480 2739 504 2782 et
522 2730 671 2782 kalendarii
694 2731 789 2781 mentio
806 2729 966 2780 intercidisse
983 2728 1090 2779 uidetur
1224 2732 1239 2778 2
1259 2731 1345 2780 tabule
1361 2725 1399 2778 nel

294 2805 361 2868 pullo
380 2801 504 2852 Heinsius
631 2805 645 2850 3
665 2803 814 2851 uolutatibue
837 2801 883 2852 seul
900 2817 917 2865 p
935 2817 1015 2850 mann
1033 2815 1082 2850 rea.
1101 2815 1230 2864 aspersae.
1248 2800 1284 2850 H

295 2877 312 2923 4
330 2888 405 2936 supra
417 2871 451 2921 H
553 2876 567 2922 6
586 2874 661 2922 limen
673 2889 725 2922 non
737 2871 807 2922 abest
818 2872 850 2921 ab
862 2872 896 2921 H
997 2873 1088 2936 pariter
1099 2872 1134 2922 H
1134 2892 1141 2918 .·
1159 2889 1205 2924 orn.
1220 2873 1297 2922 ceteri

297 2949 309 2995 l
331 2945 473 3008 dispoliatus
493 2942 548 3005 Lpt
671 2945 702 2992 ad
721 2942 764 2995 Hs
783 2950 839 2993 aute
858 2945 912 3007 Lpt
1038 2946 1053 2992 8
1072 2960 1102 2994 ee
1121 2943 1189 2992 HL.-
1209 2952 1233 2992 et
1247 2952 1281 3007 pt

297 3019 311 3066 9
333 3016 480 3064 uestimenta
498 3015 543 3063 sibi
556 3022 727 3078 transponant
734 3022 766 3078 pt
857 3018 889 3064 10
909 3017 995 3065 decern
1007 3017 1183 3065 sexteroiorum
1196 3014 1233 3078 H,
1251 3031 1271 3062 x
1287 3017 1318 3066 lib
1331 3022 1398 3064 netur

296 3085 397 3137 Pithoei
417 3077 480 3136 'non
503 3085 660 3149 superducta
683 3085 789 3152 nirpnla
807 3102 873 3150 qnae
891 3086 1031 3136 millenarii
1048 3095 1109 3137 nota
1120 3079 1190 3152 fnit'
1207 3102 1243 3149 p,
1267 3087 1328 3136 item
1348 3096 1356 3136 t
1373 3085 1398 3134 in

294 3157 378 3208 medio
395 3172 473 3208 neren
485 3156 523 3207 ita
535 3165 564 3206 ιιι
575 3174 592 3206 a
604 3159 741 3208 [detulimus
753 3174 836 3207 nonne
848 3173 939 3208 nerone
952 3157 1068 3220 incipiat,
1082 3161 1107 3212 i
1122 3159 1290 3208 sestertiorum
1301 3159 1327 3207 L

297 3234 326 3280 11
347 3231 372 3281 in
392 3229 454 3280 strio
473 3228 578 3292 scripsi:
597 3230 622 3280 in
641 3230 752 3293 preeerio
772 3228 811 3278 Ht
828 3237 852 3279 et
869 3229 1022 3278 ooninnotint
1040 3230 1091 3293 Lp.
1128 3245 1187 3293 pree
1205 3237 1296 3278 natant
1315 3238 1353 3278 est
1370 3242 1397 3276 en
1482 3265 1483 3288 ,

294 3303 426 3369 deprecati.
464 3290 630 3370 ἀπαραιτήτως
649 3307 674 3350 et
689 3302 715 3350 in
728 3302 855 3350 Praetorio
873 3317 961 3365 marpo
974 3300 1007 3363 L,
1025 3301 1051 3348 in
1069 3303 1177 3364 primore
1189 3301 1251 3349 strio
1264 3300 1396 3359 Heinsius,

293 3376 319 3426 in
349 3375 495 3441 prouocatio
527 3372 640 3424 Ooiolins
665 3372 711 3438 qni
734 3372 836 3422 notulas
854 3372 883 3422 in
902 3387 990 3421 eenarn
1008 3371 1113 3435 scripsit
1129 3371 1265 3422 Bononiae
1284 3390 1309 3421 a.
1332 3371 1397 3422 1823

289 3463 319 3512 p.
339 3452 363 3512 7,
388 3449 413 3498 in
437 3447 518 3511 primo
542 3447 660 3498 causedio
682 3442 880 3495 Hololebrosnalns
904 3440 940 3491 aal
964 3443 1043 3505 April.
1069 3451 1125 3496 met.
1151 3442 1197 3492 XI
1219 3446 1252 3492 21
1272 3459 1303 3506 p.
1323 3443 1396 3502 1065,
1482 3449 1483 3496 1

293 3519 319 3568 in
339 3520 439 3568 ostiario
457 3517 500 3568 nel
517 3520 625 3583 quinque
643 3518 757 3567 uestierio
777 3514 920 3577 Iaeobsins,
938 3515 1159 3578 inpraesentiarum
1178 3513 1297 3564 Haasins
1312 3531 1341 3578 p.
1358 3515 1395 3574 19,

293 3588 451 3654 reliquorum
474 3590 611 3639 aonaneina
635 3596 718 3640 tacere
737 3593 859 3652 praestat
981 3595 1166 3647 numerantem,
1194 3602 1246 3634 non
1268 3587 1397 3634 mirantem

294 3657 328 3708 H
432 3662 462 3708 12
482 3667 510 3707 ιιι
528 3675 574 3708 orn.
594 3661 648 3722 Lpt
762 3659 889 3721 superbius
907 3672 977 3720 saep.
997 3656 1134 3720 Heinsius,
1153 3659 1287 3720 superbum
1306 3657 1397 3706 Danaa
1482 3663 1483 3718 1

289 3727 314 3790 f.
451 3731 484 3777 14
508 3732 658 3778 accubitoris
683 3745 740 3778 ιιιιιι
758 3729 849 3792 Lipsio
871 3726 997 3777 Heinsius
1016 3730 1143 3777 constatis
1162 3727 1276 3792 cogitans

296 3802 327 3849 lb
357 3798 494 3848 donauerat
521 3801 596 3848 eliens
622 3801 722 3862 quidem
746 3807 919 3863 transponunt
941 3798 996 3862 Lpt
1101 3801 1270 3848 donenaueret
1288 3797 1323 3847 H
1343 3803 1396 3847 teste
1482 3861 1483 3864 Ἴ

294 3869 428 3922 Bassiano
539 3885 600 3919 uere
622 3878 681 3920 ante
699 3872 775 3936 Tyria
793 3870 855 3920 aclcl.
881 3869 992 3921 Weblins
1006 3885 1036 3933 p.
1057 3873 1098 3932 11,
1118 3870 1194 3935 Tyris
1212 3885 1272 3918 sane
1291 3871 1396 3934 dibapha
1482 3867 1483 3880 ¹

294 3939 482 4004 Marklandna,
510 3942 587 4007 Tyris
608 3943 659 3992 sine
678 3942 758 3991 eluuie
777 3942 910 3992 Fontanus
1034 3942 1095 4005 ism]
1114 3946 1210 3990 tantum
1229 3941 1330 4005 (nempe
1349 3955 1395 3989 nou

295 4013 422 4077 dibapha)
449 4028 538 4077 morpo
565 4021 589 4076 t,
615 4013 683 4062 haud
707 4011 829 4076 Lipsius,
859 4029 888 4063 ee
911 4011 1056 4063 Gmsoalins.
1091 4012 1222 4077 intellepas
1244 4011 1296 4060 lota
1314 4029 1332 4060 a
1342 4009 1396 4076 fol·
1482 4057 1483 4060 ,

294 4085 350 4136 lone
477 4086 508 4132 16
528 4085 644 4148 quioquid
663 4098 700 4147 p,
718 4101 772 4134 non
788 4092 861 4134 netas
880 4083 981 4134 Pithoei
1105 4099 1162 4133 eum
1177 4100 1223 4134 oon.
1237 4081 1298 4146 Lpt.
1329 4097 1395 4132 reurn
1482 4107 1483 4128 2

290 4169 432 4223 perperam
450 4153 575 4206 Heinsius
716 4159 747 4205 ts
776 4156 923 4220 spississima
949 4156 1018 4204 busin
1045 4156 1199 4218 stupentibus
1227 4159 1396 4218 transponant

294 4228 349 4294 Lpt
454 4227 486 4279 od
504 4242 626 4278 summurn
646 4225 745 4277 dubites
763 4243 799 4276 an
816 4225 929 4290 loquenti
946 4240 1020 4276 seruo
1038 4223 1214 4276 adtribuendo
1231 4225 1285 4275 sint
