3078 4956
597 449 805 502 nnannnnrr
1192 451 1251 514 211

670 605 734 666 XVI

124 794 129 802 .
235 720 387 782 Petronius
398 712 483 782 ‘satis
499 729 648 784 constaret
662 741 713 782 eos
729 721 786 782 nisi
801 721 956 783 inclinatos
970 739 1032 782 non
1048 721 1142 783 solere
1154 728 1253 784 trans-

156 818 194 880 ire
205 827 332 899 cryptam
347 811 581 900 Neapolitanam'
597 839 635 881 en
649 819 791 900 plossario
807 817 838 880 S.
851 817 994 900 Dionysii.
1024 839 1132 881 nanisn

221 984 315 1026 constet
335 975 507 1026 Goldastiasna
626 985 732 1042 arpptae
750 975 949 1040 Neapolitanae,
963 991 1015 1041 per
1033 993 1110 1041 qnam
1128 976 1177 1027 iter
1187 976 1257 1043 feeit

156 1046 255 1096 aBaiis
268 1047 403 1114 Neapolim
420 1055 544 1112 repetens,
563 1049 678 1100 tenebras
698 1055 722 1096 et
734 1049 871 1113 puluerem
882 1046 981 1098 Seneca
999 1048 1164 1112 conqueritur
1182 1049 1255 1113 epist.

120 1137 122 1142 ¹
155 1121 273 1240 amabi,
288 1124 305 1202 '1
445 1118 615 1186 probabiliter
636 1120 682 1172 illa
700 1120 764 1170 libro
783 1119 828 1185 qui
846 1119 963 1185 quintam
981 1119 1106 1170 decimum
1123 1120 1257 1171 mrteaerrit

189 1197 198 1238 t
236 1207 304 1242 aeras

664 1333 741 1394 XVII

234 1434 266 1492 in
280 1430 337 1492 alio
351 1431 511 1510 qlossario:

271 1531 388 1610 Suppes
403 1531 597 1608 suppumpis,
613 1530 671 1591 hoo
686 1537 730 1590 est
744 1527 858 1608 supinis
874 1529 1007 1608 pedibus.
1031 1529 1149 1592 Petron.

270 1629 378 1701 Tullia,
394 1628 488 1689 medin
503 1626 545 1687 vel
559 1628 648 1707 regia.
679 1627 846 1688 Petronius.
877 1645 1020 1688 rinnonvs

220 1787 374 1850 suppummIs
393 1783 549 1850 tppopraplri
566 1783 659 1833 uitium
672 1791 848 1849 propagatum
865 1801 882 1832 a
901 1782 1089 1834 recentioribus.
1112 1785 1208 1849 priora
1219 1786 1256 1836 ria

153 1856 307 1907 restituenda
325 1872 413 1907 censeo
431 1858 526 1920 suppis:
546 1857 639 1919 supinis
657 1857 760 1920 pedibus
779 1872 840 1904 nam
859 1862 883 1903 et
894 1855 995 1920 antiqui
1007 1872 1114 1919 suppum
1133 1855 1257 1907 dixerant

154 1928 270 1991 rapinum
288 1937 312 1977 et
326 1935 417 1993 postea
436 1926 558 1976 aleatores
577 1933 606 1974 nt
625 1935 731 1976 tesseras
749 1928 811 1974 tsIos
830 1926 873 1974 ael
890 1927 1082 1990 quaternionem
1100 1930 1201 1990 planum
1219 1928 1256 1978 sia

155 1999 289 2050 ternionem
307 2015 414 2064 suppum
434 1996 633 2047 denominabant
650 2015 667 2047 a
680 1996 800 2062 perbibere.
832 1997 864 2046 de
883 1997 966 2047 altera
975 1998 1061 2063 plasea
1072 1998 1139 2048 nibil
1150 2000 1255 2064 entriao,

154 2080 259 2136 atraque
277 2079 363 2120 antem
382 2069 469 2120 dubito
486 2087 549 2118 nuni
567 2085 599 2118 eor
617 2069 705 2118 satiris
718 2067 835 2119 Petronii
852 2069 1001 2134 singillatim
1019 2079 1140 2135 excerpta
1158 2088 1193 2120 an
1208 2088 1256 2121 na-

153 2143 276 2192 meraneia
299 2143 366 2192 inter
384 2157 427 2191 ear
443 2137 540 2206 pioseas
558 2140 592 2189 sit
609 2139 700 2204 qaibao
717 2155 808 2190 nomen
826 2139 943 2191 Petronii
961 2157 1023 2191 oasa
1041 2141 1128 2206 aliquo
1146 2142 1256 2197 obuenit.

153 2213 221 2263 relat
243 2229 309 2279 qaae
331 2207 371 2264 ‘in
394 2221 479 2263 uetere
502 2205 581 2262 libro'
603 2212 704 2262 Daniel
727 2211 829 2262 inuenit
853 2214 984 2262 classicum
1007 2214 1095 2264 dieitur
1117 2229 1148 2263 ex
1173 2215 1258 2278 Vege-

153 2286 184 2333 tio
209 2287 239 2335 de
262 2301 289 2334 re
313 2286 411 2334 militari
435 2286 476 2334 liii.
495 2286 520 2333 II
545 2285 611 2347 quod
630 2285 801 2334 buccinatores
819 2299 864 2348 per
883 2299 960 2333 cornu
979 2287 1050 2345 dent,
1073 2287 1140 2348 quod
1158 2287 1256 2350 insigne

154 2357 245 2406 uidetur
263 2358 371 2421 imperii,
393 2357 451 2420 quin
470 2356 600 2405 classicum
619 2356 685 2404 canit
703 2356 851 2419 imperatore
870 2365 998 2419 praesente
1019 2356 1056 2404 uel
1075 2371 1132 2405 curn
1150 2357 1175 2405 in
1195 2359 1257 2406 mili·

153 2435 198 2477 tem
218 2430 354 2492 capitaliter
372 2428 587 2477 animaduertitur:
606 2436 631 2475 et
649 2428 753 2476 classico.
771 2435 872 2476 auctore
885 2427 1002 2475 Petronio
1021 2443 1037 2475 o
1050 2429 1162 2488 calando,
1181 2429 1205 2476 id
1220 2437 1257 2477 est

154 2502 271 2564 nocendo,
291 2507 349 2548 sunt
367 2500 433 2548 dicta
451 2498 514 2549 baea
533 2514 565 2547 err
576 2497 654 2563 sutili
671 2497 718 2547 illa
729 2496 872 2562 sarraqine
888 2497 1031 2562 qlossararn
1048 2506 1192 2548 manarant
1209 2497 1257 2549 Pe·

154 2571 227 2622 tronii
249 2571 352 2620 nomine
375 2570 502 2635 imeripta
527 2569 559 2618 de
583 2585 636 2634 qna
659 2569 854 2620 commemoraui
878 2569 906 2618 in
924 2567 1099 2634 praefatione.
1136 2568 1173 2619 ibi
1190 2569 1257 2620 enim

154 2639 225 2703 (noni
248 2642 331 2693 masei
348 2641 471 2692 Rbenani
489 2640 563 2690 XV]
573 2656 603 2704 p.
620 2645 635 2691 6
654 2657 680 2689 n,
702 2640 748 2706 11)
771 2639 912 2690 secandam
931 2639 1064 2690 Isidorum
1087 2639 1171 2690 relata
1195 2640 1258 2692 baea

153 2721 209 2763 sont
226 2715 330 2764 classica
348 2722 405 2762 suist
424 2729 518 2762 eornue
536 2728 599 2776 ques
618 2712 773 2762 conuoaondi
792 2727 867 2762 causo.
885 2719 956 2761 arant
974 2713 1054 2761 sento:
1073 2720 1127 2762 eta
1145 2715 1257 2778 colando,

153 2785 176 2834 id
194 2793 230 2836 est
249 2787 371 2846 nocendo,
390 2797 447 2834 suna
465 2785 531 2834 dIeta

648 2940 758 3003 XVIII*

235 3059 405 3120 Ambrosias
420 3058 575 3139 Calepinns
594 3061 625 3118 in
646 3058 818 3119 dictionario
834 3061 866 3118 in
881 3075 949 3118 ooae
966 3058 1092 3121 Cosmus
1108 3059 1161 3122 nbi
1173 3057 1259 3121 Mar-

154 3160 229 3222 tialis
249 3177 368 3220 versam
386 3176 429 3237 ep.
452 3155 496 3216 XI
514 3155 548 3228 8,
570 3149 695 3237 9‘qnoal
716 3155 812 3217 Cosmi
824 3155 956 3217 redolent
975 3157 1126 3218 alabastra
1144 3161 1259 3238 focique

154 3249 288 3320 deornm'
304 3259 476 3337 perscripsit
493 3266 519 3316 et
539 3274 557 3316 a
579 3255 679 3317 Corma
700 3254 794 3316 nobili
813 3258 1005 3333 anquentario
1026 3267 1173 3335 nnpnenta
1188 3255 1259 3317 Cos-

152 3361 252 3417 miano
267 3356 343 3417 dioto
354 3374 411 3416 esse
427 3355 551 3416 addidit:
573 3354 730 3416 Petronius
743 3345 824 3415 ‘affer
838 3353 940 3425 nobis,
961 3353 1069 3432 inquit,
1083 3353 1259 3416 alabastrum

153 3444 311 3517 Cosmiani'

223 3598 283 3648 lenia
302 3597 441 3648 testimonio
460 3613 488 3647 eo
505 3598 587 3663 maqis
605 3596 699 3663 abropo
709 3595 792 3662 ficiem
811 3595 881 3660 qnooi
900 3613 917 3645 a
935 3595 1060 3646 Martiam
1079 3595 1218 3646 celebratus
1236 3603 1262 3646 et
1357 3585 1360 3591 ’

153 3669 280 3720 quenale
300 3668 402 3720 Ooemm
421 3669 595 3719 Petronianae
614 3669 694 3718 aetati
712 3667 859 3718 snaaeseisse
877 3667 978 3717 densam
996 3667 1110 3719 nideror.
1142 3667 1261 3732 conferas

148 3744 233 3806 pil,
258 3745 285 3790 12
311 3757 369 3791 cum
392 3741 520 3790 alabastris
546 3743 664 3804 unguenti
689 3747 756 3806 etp.
770 3742 813 3804 92,
835 3744 846 3788 l
872 3741 956 3803 profer
979 3747 1003 3788 et
1021 3747 1175 3802 unguentum
1195 3755 1262 3803 qnae

153 3822 236 3862 tomen
256 3812 395 3877 Calepinus
412 3811 528 3862 nondam
547 3819 703 3878 eaqnonerat
817 3803 897 3874 inquit
916 3827 963 3859 om.
984 3808 1103 3875 Ualepini
1121 3811 1263 3876 exemplam

152 3884 298 3934 Basiliense
316 3901 341 3936 a.
361 3887 429 3934 1562
538 3883 698 3934 Cosmisnum
718 3880 818 3932 Daniel
