3008 4962
301 441 392 484 xxvnr

386 574 491 637 Tutius
506 581 552 637 est
566 593 658 654 paruo
675 593 723 638 ere
738 593 800 637 rem
816 575 958 656 perditam
974 592 1147 656 recuperare
1161 593 1248 656 quam
1264 573 1294 635 iu
1309 573 1411 635 ambi-

302 703 389 764 guam
404 685 483 748 litem
500 685 677 746 descendere
687 703 719 764 p.
737 686 785 757 15,
802 684 904 746 5-6.

756 813 812 853 vox
827 811 957 854 ruinosi.

386 903 461 964 Nolo
489 903 568 982 quod
595 902 682 981 cupio
709 901 806 963 statim
832 910 947 976 tenere,
972 901 1067 982 placet
1091 899 1162 962 mihi
1187 899 1408 981 peratap.17,

305 1012 436 1074 14-15
452 1015 483 1072 io
498 1009 601 1095 quidus
615 1029 669 1072 nec
684 1010 804 1072 uictoria
819 1028 922 1072 errore
935 1020 1004 1090 puto
1015 1010 1213 1072 Froetnerum
1229 1012 1362 1070 oma'sisse.

796 1139 914 1180 versvs.
1257 1191 1261 1196 Ι

387 1227 532 1309 Contepni
546 1235 631 1308 turpe
647 1235 692 1289 est
705 1263 748 1273 —
763 1228 841 1291 abire
856 1229 931 1290 solet
943 1247 972 1308 p.
986 1227 1038 1303 20,
1055 1227 1187 1288 12-15
1202 1227 1255 1288 uba·
1271 1229 1309 1288 14
1320 1227 1409 1288 flectit

302 1349 329 1400 et
346 1339 383 1400 15
399 1337 498 1418 uigilat
511 1341 651 1418 scriptum
665 1347 713 1398 est.

567 1465 605 1507 nu
621 1464 755 1507 eremum
770 1464 808 1506 ur
825 1465 1001 1506 evermarus
1017 1464 1148 1508 mvrrvu.

387 1553 588 1616 Periculosum
604 1561 649 1616 est
663 1553 764 1616 alienis
779 1554 919 1615 interesse
934 1555 1056 1615 secretis
1067 1573 1100 1634 p.
1116 1553 1167 1626 22,
1183 1555 1286 1615 4-5.

388 1663 455 1724 Non
476 1663 643 1726 hibit·inter
663 1683 757 1744 aquas
771 1698 813 1708 —
833 1682 884 1724 ore
902 1662 1008 1724 famem
1026 1681 1057 1742 p.
1074 1661 1124 1735 97,
1143 1661 1276 1724 13-16
1296 1662 1347 1722 odi
1369 1662 1406 1722 15

302 1773 385 1835 faties
402 1782 429 1834 ct
445 1773 483 1835 16
499 1773 653 1851 conquerit
667 1776 806 1853 scriptum
821 1781 868 1834 cst.

563 1901 638 1951 ovou
655 1900 806 1942 vrvuuuvu
821 1899 898 1941 erus
915 1898 962 1941 sm
978 1899 1039 1940 nvu
1054 1897 1151 1941 trouu.

388 1990 490 2051 Heheu
506 2008 563 2050 nos
578 2025 620 2032 -
635 1989 708 2050 benc
719 2007 751 2068 p.
768 1988 817 2062 37,
834 1989 927 2050 5-7
941 1988 995 2049 udi
1007 1989 1026 2048 5
1041 1986 1196 2050 homuntio
1213 1997 1240 2048 ct
1254 1987 1273 2048 6
1288 1985 1333 2048 Nil
1348 1989 1409 2047 eri-

304 2117 371 2160 mus
386 2102 526 2178 scra'ptum
540 2109 588 2159 est.

660 2224 776 2268 conum
792 2225 875 2266 urnis
892 2224 1053 2268 cuuuvuos.

390 2315 546 2394 Nunquam
563 2322 641 2377 recte
655 2313 741 2376 faciet
756 2314 805 2394 qui
822 2314 878 2376 cito
896 2314 987 2375 credit
996 2334 1027 2395 p.
1044 2315 1095 2387 47,
1113 2313 1161 2376 18.

629 2442 744 2485 conum
760 2441 902 2484 uvuauru
917 2442 1094 2485 cecinerunt.

390 2533 483 2594 Nemo
499 2534 591 2596 celum
607 2540 704 2612 putat,
720 2549 807 2594 nemo
823 2531 961 2593 ieiunium
978 2537 1083 2606 seruat
1098 2549 1186 2593 nemo
1201 2532 1304 2593 Iouem
1320 2532 1411 2611 pluris

304 2642 399 2716 faciat,
416 2644 468 2705 sed
484 2660 588 2704 omnes
604 2642 715 2722 opertis
731 2641 822 2703 oculis
838 2640 915 2702 bona
931 2659 984 2701 sua
999 2646 1160 2720 computant
1170 2653 1201 2720 p.
1219 2641 1269 2714 50,
1289 2639 1390 2701 1-3.

672 2771 710 2811 uu
726 2770 819 2812 uuvxv
834 2767 953 2810 uvuruu
968 2768 1046 2810 vrur.

393 2859 480 2932 Quod
500 2859 589 2920 hodic
610 2874 672 2917 non
695 2864 752 2930 est,
774 2857 921 2931 eraserit,
944 2856 987 2918 sic
1009 2857 1068 2918 uita
1082 2857 1218 2918 truditur.
1249 2858 1335 2932 Quod
1351 2874 1412 2918 non

308 2973 458 3046 expectes,
480 2985 514 3026 ex
529 2973 701 3027 transuerso
716 2965 750 3023 fit
764 2970 793 3025 et
808 2983 899 3043 super
914 2983 970 3026 nos
985 2965 1103 3027 fortuna
1119 2965 1270 3044 negotium
1288 2973 1369 3029 curat
1381 2986 1411 3046 p.

307 3076 357 3149 50,
374 3075 486 3138 9-10
502 3085 569 3154 etp.
587 3072 637 3144 62,
654 3072 798 3146 23-63,
816 3074 842 3132 1.

391 3184 466 3262 Spes
485 3184 551 3245 ideo
573 3187 709 3262 pungunt
729 3181 795 3260 quia
816 3181 991 3262 ubicumque
1011 3183 1094 3245 dulce
1114 3191 1170 3257 est,
1188 3183 1228 3244 ibi
1249 3190 1277 3244 et
1298 3183 1412 3244 acidum

306 3291 439 3353 inuenies
449 3311 481 3372 p.
498 3292 548 3364 65,
567 3290 709 3351 10-11.

536 3449 573 3491 on
589 3395 646 3492 ico
662 3430 711 3508 (de
726 3427 821 3508 iurgio
836 3446 938 3510 murco
956 3429 1191 3508 Tornaesiouoe).

393 3553 516 3634 Semper
530 3551 560 3613 iu
576 3552 631 3614 hac
645 3571 676 3614 re
693 3552 743 3632 qui
757 3549 885 3613 uincitur
898 3549 998 3612 uincit
1042 3551 1135 3612 Nemo
1151 3558 1287 3613 nostrum
1304 3557 1427 3630 peccat.

307 3661 443 3722 homiues
459 3679 564 3722 sumus
578 3679 640 3722 uon
657 3661 702 3723 dei
714 3681 745 3742 p.
762 3659 843 3735 70,9
859 3669 925 3740 etp.
942 3659 992 3733 89,
1009 3659 1110 3720 5-6.

598 3788 635 3828 ur
651 3788 750 3830 uurers
767 3750 887 3830 rrurv'u
903 3787 933 3828 m
949 3785 1122 3830 prosumus.

393 3876 508 3938 Nomen
523 3877 648 3939 amicitie
664 3877 688 3938 si
704 3885 905 3958 quatenus-
921 3893 971 3937 ora
986 3875 1054 3954 fuga
1066 3895 1096 3956 p.
1113 3875 1163 3951 95,
1179 3876 1280 3938 3-6.

308 4004 384 4056 ouon
405 4004 513 4047 vrorosr
534 4004 749 4062 ucuoneurvu,
770 4003 930 4048 tirrenum
947 4003 983 4045 uu
1000 4003 1129 4046 nouusm
1146 4005 1417 4048 couruueururvu.

392 4094 448 4166 Qui
468 4094 571 4173 pelago
592 4129 633 4138 —
653 4095 772 4156 inuocat
790 4101 868 4156 artes
887 4113 917 4173 p.
938 4092 988 4166 99,
1007 4093 1141 4154 12-17
1161 4095 1213 4155 ubi
1235 4093 1271 4154 13
1289 4101 1354 4174 post
1375 4094 1419 4154 14

308 4201 464 4264 collocutus
479 4211 505 4293 ct
522 4203 560 4262 14
575 4202 671 4280 pictor
686 4202 759 4264 iacet
773 4202 895 4264 hebrius
910 4205 1049 4282 scriptum
1064 4213 1112 4263 est.
