3078 4956
311 438 372 500 218
684 389 692 398 ³
784 436 940 488 l’ll'l'llllNll

311 592 384 643 dicus
402 607 460 644 eum
477 592 524 643 boc
542 593 614 642 titulo
632 594 741 642 Petronii
759 594 859 644 Arbitri.
880 591 942 642 uide
960 591 1144 642 Burmannum
1162 591 1306 642 secundum
1325 592 1419 646 untbal.

310 664 367 715 III
385 666 435 714 131
557 663 624 729 3cf.
644 665 782 716 lucretius
800 664 874 714 IIII
891 667 941 714 351
1068 665 1191 714 4attritis
1210 663 1243 727 L,
1263 665 1349 729 numo.
1387 664 1419 728 cf.

311 736 454 787 Frontiana
473 735 505 786 dc
523 736 599 802 aquis
617 735 637 786 Ι
653 739 688 786 24
805 745 900 786 rotatur
918 737 1073 785 rotundatur
1186 739 1201 784 5
1219 737 1335 785 hibleum
1353 743 1378 786 et
1394 738 1420 784 li-

311 823 395 858 corem
413 807 474 858 libri
593 812 606 858 6
626 810 692 858 naris
711 807 847 858 Pithoeus:
865 809 940 856 muris
958 806 1025 858 libri.
1045 822 1159 856 marcens
1177 805 1296 872 Scaliper

313 881 431 943 8possot
454 878 588 930 Pithoeus:
611 885 698 942 possut
720 879 759 928 ita
781 887 811 928 ut
833 885 849 928 ir
873 878 999 929 recentior
1021 894 1114 928 marius
1137 877 1261 928 uideatur
1285 877 1421 928 addidisse

317 950 465 1016 Vossianus,
483 959 586 1016 possunt
604 949 628 1000 L

827 1117 906 1180 xxx
922 1067 926 1072 ⁵

456 1239 586 1310 somnia,
603 1257 677 1318 quae
691 1245 806 1300 mentes
819 1238 924 1299 ludunt
938 1237 1127 1300 volitantibus
1142 1238 1268 1312 umbris,

455 1355 517 1400 non
533 1335 651 1398 delubra
667 1336 752 1398 deum
768 1353 822 1396 nec
837 1336 872 1397 ab
887 1337 1002 1398 aethere
1017 1335 1137 1398 numina
1153 1336 1286 1410 mittunt,

457 1435 506 1496 sed
523 1435 580 1496 sibi
596 1435 719 1516 quisque
733 1434 810 1496 facit.
836 1454 904 1497 nam
921 1455 987 1498 cum
1004 1441 1150 1516 prostrata
1167 1454 1277 1515 sopore

455 1541 561 1612 urguet
575 1534 704 1594 membra
721 1534 801 1613 quies
818 1541 847 1594 et
861 1553 944 1595 mens
961 1535 1024 1595 sine
1039 1535 1170 1614 pondere
1186 1533 1273 1607 ludit,

387 1627 388 1630 '
458 1632 596 1714 quidquid
608 1632 672 1693 luce
686 1631 754 1705 fuit,
770 1631 898 1693 tenebris
914 1635 980 1712 agit.
1012 1635 1118 1714 oppida
1135 1632 1210 1694 bello

457 1733 507 1812 qui
523 1730 614 1810 quatit
628 1738 657 1791 et
670 1731 797 1792 llammis
812 1732 994 1796 miserandas
1011 1733 1087 1794 eruit
1100 1732 1204 1804 urbes,

455 1830 511 1891 tela
526 1830 602 1891 ridet
617 1841 775 1909 versasque
791 1832 866 1892 acies
883 1839 912 1894 et
925 1833 1029 1894 funera
1044 1849 1148 1909 regum

456 1936 543 2007 atque
559 1928 739 1988 exundantes
754 1929 879 2009 profuso
896 1931 1037 2010 sanguine
1052 1947 1181 2008 campos.

456 2026 506 2106 qui
522 2044 625 2087 causas
642 2043 726 2087 orare
741 2028 849 2101 solent,
864 2029 1000 2108 legesque
1013 2029 1170 2105 lorumque

458 2133 487 2186 et
500 2123 596 2204 pavidi
611 2131 735 2185 cernunt
749 2125 894 2186 inclusum
912 2133 992 2188 corte
1007 2125 1143 2187 tribunal.

457 2221 558 2284 condit
571 2240 673 2282 avarus
689 2241 761 2301 opes
778 2224 987 2304 defossumque
1002 2226 1112 2287 invenit
1126 2240 1240 2284 aurum.

455 2327 577 2382 venator
591 2321 682 2382 saltus
698 2321 819 2383 canibus
836 2323 937 2403 quatit.
968 2322 1053 2401 eripit
1067 2322 1153 2384 undis

457 2426 507 2480 aut
521 2420 629 2499 premit
644 2439 771 2481 eversam
789 2421 937 2501 periturus
953 2421 1048 2482 navita
1063 2439 1202 2501 puppem.

438 2595 440 2602 Α
457 2519 559 2580 scribit
572 2520 696 2581 amatori
712 2520 859 2581 meretrix.
891 2520 940 2580 dat
954 2518 1085 2579 adultera
1100 2536 1219 2580 munus.

385 2635 414 2684 15
458 2620 495 2696 [et
509 2619 589 2680 canis
605 2618 635 2679 in
652 2617 765 2680 somnis
780 2616 889 2698 leporis
905 2617 1023 2696 vestigia
1039 2618 1132 2694 latrat]

457 2717 487 2777 in
503 2717 598 2779 noctis
614 2717 741 2798 spatium
757 2717 932 2778 miserorum
949 2715 1069 2777 vulnera
1086 2717 1192 2777 durant

386 2873 479 2940 lepitur
500 2874 529 2924 in
553 2873 676 2924 Vossiuno
696 2873 763 2923 cx]
779 2881 839 2938 post
856 2873 974 2938 superius
993 2887 1097 2922 carmen
1115 2871 1162 2936 (fr.
1181 2870 1345 2936 XXVIIII)
1364 2873 1423 2921 item

315 2945 425 2994 eiusdem
450 2947 479 2995 de
503 2947 605 2995 somniis
623 2945 784 3010 inscriptum.
821 2945 984 3010 subsequitur
1002 2952 1088 2993 autem
1105 2945 1165 2993 item
1184 2943 1313 2994 Claudiani
1332 2945 1364 2992 de
1383 2959 1423 2992 es·

315 3017 372 3065 dem
396 3032 421 3065 re
443 3007 544 3065 ‘omnis
568 3033 631 3080 quse
655 3033 729 3066 sensu
748 3020 881 3066 uoluuntur
906 3026 965 3064 uota
983 3012 1081 3064 diurno’
1103 3023 1127 3064 et
1151 3023 1249 3078 cetera,
1273 3013 1335 3064 uide
1353 3015 1424 3064 Bur-

313 3103 437 3136 mannum
461 3086 601 3136 secundum
624 3087 718 3140 anthol.
748 3087 790 3136 VI
812 3091 855 3138 90.
892 3094 1069 3154 argumentum
1095 3085 1186 3136 borum
1212 3101 1334 3136 uersuum
1362 3102 1424 3150 quos

315 3166 419 3209 auctore
431 3157 588 3208 Bourdeloto
605 3157 633 3208 in
651 3159 759 3209 satiram
773 3175 802 3224 p.
818 3162 877 3220 126,
893 3163 925 3208 14
943 3157 1108 3222 imponebant
1118 3157 1256 3208 Lucretiae
1269 3155 1342 3206 dedit
1353 3156 1407 3206 III
1411 3155 1428 3205 I
1530 3189 1531 3194 ,

316 3233 375 3293 959,
401 3229 541 3279 consimiles
559 3238 698 3294 praeterea
722 3239 783 3280 sunt
799 3230 838 3280 illi
857 3231 888 3280 cle
907 3230 1010 3280 somniis
1029 3228 1138 3278 carmini
1156 3227 1227 3293 quod
1244 3229 1273 3278 in
1287 3244 1351 3294 pap.
1375 3230 1423 3277 178

315 3309 393 3366 catat,
415 3301 477 3351 uide
501 3299 625 3351 Weblium
640 3319 667 3366 p.
682 3305 716 3353 56
812 3305 821 3351 l
842 3305 943 3352 mendes
962 3300 1100 3350 Vossianus
1192 3303 1206 3348 2
1226 3300 1328 3365 delubra
1350 3300 1424 3349 deum

314 3390 361 3424 nec
379 3375 398 3440 lp
417 3376 447 3423 sb
467 3375 551 3424 ethere
576 3372 728 3424 Vossianus:
750 3374 851 3422 delubrs
870 3371 949 3423 ualde
966 3372 1089 3436 ineptum,
1108 3367 1231 3436 copitauit
1247 3379 1332 3421 autem
1346 3377 1425 3436 poeto

314 3461 409 3496 morem
427 3443 468 3494 dis
487 3444 631 3495 immedendi
739 3446 754 3492 6
774 3460 850 3508 quum
866 3443 929 3494 libri
1046 3447 1062 3491 4
1079 3444 1199 3506 languent
1216 3445 1336 3503 membre,
1356 3444 1425 3506 quies

314 3516 398 3566 edidit
415 3514 541 3583 Scalipcr.
578 3518 670 3566 mulcet
688 3515 819 3567 Francius
929 3516 1022 3564 biacit
1040 3513 1169 3565 Bartbius
1284 3515 1364 3576 quatit
1382 3528 1425 3576 op-

315 3590 373 3651 pida
390 3589 454 3637 bello
473 3587 624 3654 Verpiliana
715 3591 728 3636 6
750 3587 865 3636 saeuitia
878 3589 950 3636 urbes
965 3585 1089 3636 edebatur
1101 3593 1204 3634 auctore
1217 3582 1350 3651 Scolipero

317 3661 331 3707 3
351 3661 451 3722 perfuso
470 3659 592 3709 Pithoeus
707 3661 738 3708 10
757 3659 848 3722 pauido
867 3666 891 3708 et
908 3660 982 3708 corde
1000 3656 1124 3721 &adipem
1144 3657 1235 3720 pauide
1253 3655 1426 3704 Mornnssenus

316 3745 373 3779 cum
397 3729 535 3793 descripsit
556 3730 619 3781 baec
643 3745 656 3780 e
680 3728 801 3779 Vossiono
945 3731 1033 3778 chorte
1051 3727 1236 3777 Mommsenus:
1261 3729 1335 3776 corde
1356 3726 1426 3776 libri.

316 3817 436 3852 corormm
454 3801 585 3866 intellepus
687 3804 717 3850 11
738 3803 822 3851 condit
840 3815 900 3864 opes
919 3801 980 3848 ellus
999 3801 1148 3861 defossoque
1166 3800 1268 3848 incubet
1285 3813 1346 3847 suro
1366 3797 1427 3847 Ver-

313 3871 392 3938 pilius
408 3886 495 3937 peorp.
517 3872 553 3921 II
568 3875 620 3923 507
715 3875 745 3922 13
765 3871 889 3922 edebatur
907 3873 1011 3936 puppim
1082 3885 1187 3920 uersum
1208 3873 1238 3918 15
1259 3869 1327 3918 alim
1345 3869 1426 3919 uersi·

308 3943 360 4008 feu
381 3942 499 4006 intrusit,
517 3942 633 4008 fortasse
656 3944 732 3993 etiam
755 3951 785 3993 ut
801 3941 913 3993 Bartbio
932 3941 1036 4008 placuit
1057 3957 1161 3991 uersum
1187 3943 1218 3990 16
1242 3948 1327 4005 utpote
1350 3941 1426 3990 nimis

316 4013 443 4064 inscitum.
475 4015 563 4079 priori
581 4015 718 4065 sentcntiae
736 4031 787 4064 non
806 4013 928 4064 dissimile
945 4013 1012 4063 illud
1030 4013 1058 4062 in
1072 4011 1248 4063 Piscatoribus
1266 4011 1358 4076 iolpllio
1375 4029 1426 4061 non

321 4085 465 4135 Theocriteo
483 4085 506 4134 ἐν
523 4075 605 4144 lunser
623 4081 693 4136 πᾶσα
710 4075 770 4136 κύων
788 4075 871 4153 ἄρκτον
892 4075 1033 4154 μαντεύεται
1149 4086 1236 4132 lustret
1254 4082 1426 4133 Burmannus

317 4155 444 4207 secundus
467 4156 531 4206 conl.
558 4157 629 4222 Verp.
649 4157 693 4208 ecl.
712 4156 750 4207 II
767 4161 816 4220 12,
840 4167 922 4206 tranat
945 4155 1045 4206 Daniel
1189 4158 1220 4204 16
1240 4156 1320 4219 spatio
1344 4153 1426 4204 edidit

316 4226 434 4297 Scaliper

1155 4530 1261 4636 1

632 4794 800 4938 ,ss
