3022 4956
322 430 363 496 98
796 425 951 480 cannono

406 599 469 644 non
482 581 606 644 multum
623 587 740 662 oportet
754 579 879 642 consilio
894 580 1021 652 camera
1035 580 1102 659 quia
1118 599 1203 642 snam
1215 580 1435 647 habetlortunat

322 679 465 742 rationem

862 791 883 832 a

266 863 307 927 83
407 864 438 927 in
459 863 680 946 pinacothecam
700 860 818 941 perveni
841 861 922 922 vario
945 879 1050 939 genere
1071 861 1237 924 tabularum
1259 861 1406 925 mirabilem.

322 981 391 1026 nam
410 970 439 1026 et
457 963 602 1026 Zeuxidos
621 977 727 1022 manus
749 958 807 1020 ridi
829 959 963 1022 nondum
982 961 1135 1022 vetustatis
1156 961 1260 1024 iniuria
1274 962 1368 1033 victas,
1385 965 1408 1019 et

321 1063 496 1143 Protogenis
520 1062 686 1124 rudimenta
712 1076 778 1120 cnm
803 1056 897 1137 ipsius
917 1064 1038 1120 naturae
1062 1058 1181 1122 veritate
1206 1059 1338 1121 certantia
1359 1072 1433 1120 nona

226 1199 230 1206 ·
322 1161 387 1224 sine
401 1161 529 1241 quodam
544 1161 670 1221 horrore
684 1155 811 1219 tractavi.
841 1155 899 1217 iam
921 1175 988 1217 vcro
1009 1156 1131 1238 Apellis,
1150 1176 1238 1238 quam
1254 1156 1349 1219 Graeci
1361 1174 1408 1235 μο-

321 1253 481 1343 ademptos
494 1258 653 1338 appellant,
673 1256 760 1318 etiam
776 1253 902 1316 adoravi.
932 1261 1013 1317 tanta
1028 1255 1106 1316 enim
1123 1256 1280 1318 subtilitate
1294 1254 1410 1317 ermeni-

321 1363 397 1419 tates
412 1355 572 1436 imaginum
587 1361 671 1417 erant
685 1354 721 1416 ad
735 1351 954 1414 similitudinem
971 1355 1130 1433 praecisae,
1147 1362 1180 1416 ut
1194 1355 1327 1416 crederes
1341 1353 1410 1414 etiam

322 1454 488 1517 animorum
501 1472 567 1515 esse
579 1452 731 1532 picturam.
757 1452 826 1512 hinc
836 1451 930 1531 aquila
940 1452 1053 1514 ferebat
1064 1453 1144 1514 caelo
1156 1453 1291 1514 sublimis
1302 1454 1412 1524 Idaeum,

322 1553 401 1616 illinc
415 1551 556 1614 candidus
572 1551 659 1631 Hylas
674 1548 832 1628 repellebat
845 1550 1013 1629 improbam
1028 1550 1129 1612 Naida.
1160 1550 1315 1613 damnabat
1324 1549 1410 1628 Apolo
1426 1561 1448 1611 n
1497 1571 1498 1602 r

322 1651 425 1713 noxias
442 1667 547 1711 manus
562 1649 713 1729 lyramque
727 1646 886 1709 resolutam
901 1648 992 1710 modo
1008 1656 1078 1710 nato
1093 1649 1167 1710 llore
1182 1649 1351 1710 honorabat.
1376 1647 1413 1707 in·
1497 1723 1498 1726 Ἴ

321 1757 367 1812 ter
385 1767 462 1829 quos
483 1747 570 1810 etiam
589 1747 735 1827 pictorum
758 1747 918 1808 amantium
939 1747 1035 1808 vultus
1055 1754 1194 1826 tanquam
1220 1747 1251 1807 in
1275 1745 1414 1807 solitudine
1497 1779 1498 1826 y

322 1847 493 1910 exclamavi:
505 1839 586 1925 ‘ergo
604 1863 688 1907 amor
703 1843 789 1907 etiam
806 1845 877 1906 deos
892 1846 993 1924 tangit.
1023 1845 1153 1926 luppiter
1168 1845 1199 1906 in
1211 1844 1290 1906 eaelo
1305 1863 1356 1906 suo
1366 1861 1415 1904 non

322 1948 431 2009 invenit
452 1945 531 2025 quod
552 1944 681 2022 eligeret,
707 1949 751 2004 set
770 1950 942 2022 peccaturus
963 1943 1095 2006 interris
1117 1943 1228 2004 nemini
1243 1950 1338 2004 tamen
1352 1942 1415 2002 iniu-

322 2028 395 2107 riam
416 2043 494 2105 leoit.
523 2042 614 2122 Hylan
630 2041 763 2122 Nympha
779 2043 915 2120 praedata
930 2043 1103 2122 imperasset
1116 2042 1211 2104 amori
1227 2060 1300 2115 suo,
1321 2041 1344 2103 si
1357 2058 1415 2101 ren·
1429 2052 1451 2104 15

322 2151 422 2205 tumm
438 2142 473 2204 ad
489 2140 677 2202 interdictum
693 2140 847 2202 Herculem
864 2140 1045 2202 credidisset.
1076 2140 1180 2220 Apollo
1196 2140 1280 2220 pueri
1296 2139 1416 2201 umbram

321 2239 468 2301 revocavit
482 2239 512 2300 in
528 2240 641 2313 liorem,
656 2244 686 2299 et
697 2257 800 2300 omnes
811 2238 924 2299 fabulae
936 2256 1054 2318 quoque
1066 2238 1130 2299 sine
1142 2239 1255 2301 aemulo
1268 2239 1419 2301 habuerunt

528 2377 620 2386 ————

323 2455 414 2499 octana
433 2447 484 2499 leco
503 2463 569 2514 qnae
588 2446 730 2514 adpellitur
748 2465 831 2516 snpra
849 2465 983 2514 expressa,
1003 2464 1034 2499 ea
1052 2448 1112 2499 olim
1130 2455 1178 2498 ant
1194 2448 1262 2498 inter
1281 2464 1338 2514 cop.
1357 2450 1420 2498 een

321 2524 357 2572 82
375 2521 447 2571 nelnt
465 2521 494 2571 in
512 2537 568 2586 cap.
583 2523 616 2570 79
635 2520 711 2572 leodic
729 2521 845 2572 mutilato
863 2529 910 2571 ant
927 2521 974 2570 hoe
991 2520 1047 2585 ipso
1065 2520 1119 2571 ioco
1138 2519 1269 2587 legebatur
1284 2521 1314 2570 in
1325 2537 1358 2571 ea
1369 2535 1418 2569 nor·

321 2593 422 2644 ratione
442 2607 507 2656 qnae
521 2592 705 2656 pinacothecae
724 2591 919 2658 descriptionem
937 2592 1071 2642 antecessit

393 2668 408 2714 2
429 2664 545 2714 mterisci
564 2671 615 2713 tres
632 2664 662 2714 in
679 2663 753 2714 libris
860 2667 875 2714 3
896 2665 1035 2713 fabularum
1053 2661 1146 2713 sedin
1162 2661 1280 2746 marpine
1293 2663 1419 2711 tabularum

322 2743 333 2786 t
441 2737 596 2785 4Zenzidos
610 2743 644 2800 pt
751 2737 765 2784 5
785 2737 888 2784 ueritate
908 2751 965 2784 cum
983 2733 1080 2784 deesset
1096 2734 1158 2797 int,
1176 2735 1331 2798 ipsanatura
1342 2746 1419 2796 marpo

321 2812 339 2858 t.
375 2806 443 2856 illud
460 2805 567 2856 addidit
588 2805 616 2856 T.
653 2808 773 2856 uarietate
791 2807 886 2856 Donec
976 2809 991 2855 6
1003 2804 1119 2870 fortasse
1138 2819 1197 2854 uero
1215 2805 1348 2854 Venerem.
1382 2803 1419 2853 Ia

322 2875 420 2926 eclesiam
431 2877 540 2926 Dianam
559 2893 618 2928 uero
636 2877 742 2928 coniecit
760 2876 885 2942 epitheton
903 2876 941 2926 ad
954 2877 1135 2940 pernicitatem
1150 2874 1265 2942 referens
1277 2876 1354 2940 qnasi
1366 2865 1419 2923 nno

317 2945 387 3010 pede
404 2940 506 2996 nicam'
610 2964 720 3012 quemp
811 2949 900 3000 Graeci
918 2947 1017 2998 delebat
1028 2947 1140 2998 Iahnius
1247 2959 1419 2996 monocnemon

321 3015 454 3083 Scaliqer:
472 3033 651 3069 monoercmon
669 3019 738 3070 libri.
775 3021 971 3070 monohemeron
990 3022 1191 3070 monochromon
1209 3025 1327 3084 merpot
1344 3069 1346 3072 .

324 3090 460 3138 'ladoraui
473 3097 502 3138 at
513 3107 542 3139 en
546 3089 603 3155 fine
614 3107 678 3141 rasa
690 3099 700 3139 t
711 3091 836 3142 nideatnr
847 3090 873 3141 L
963 3094 978 3141 9
997 3090 1202 3157 mayniflcentiaa
1214 3089 1328 3154 loquitar
1339 3084 1420 3139 maol

317 3159 382 3225 pins
399 3159 484 3209 nescio
503 3177 538 3210 an
555 3175 659 3212 uersam
677 3162 789 3226 aliquem
806 3161 970 3222 recordatam
988 3161 1125 3212 iambicam
1140 3161 1273 3212 serrarium
1284 3161 1313 3210 in
1324 3161 1421 3226 nnana

321 3231 454 3297 saraptana
466 3231 636 3296 deprehendit
646 3231 775 3284 Antonine
855 3233 971 3298 fortasse
988 3235 1109 3284 sublimen
1198 3234 1303 3282 Idaeum
1320 3231 1421 3282 Wenttns

317 3307 409 3370 pasco
428 3305 502 3354 deum
515 3311 556 3368 pt,
574 3305 715 3370 marqoL5
733 3307 776 3354 dm
788 3304 820 3358 L.
849 3306 992 3355 catamitum
1007 3305 1179 3370 Bonparsins‚
1197 3303 1341 3354 Iacobsins.
1377 3303 1420 3366 pin·
1496 3337 1497 3354 t

322 3392 423 3427 cernam
441 3376 484 3426 nel
495 3378 665 3461 pocillatorem
676 3376 837 3428 intercidisse
849 3392 918 3442 cnsp.
933 3375 1044 3426 Orellins
1057 3393 1087 3440 p.
1102 3380 1125 3428 7.
1156 3377 1266 3440 tegebat·
1256 3377 1343 3425 -denm
1355 3379 1421 3424 anno

245 3465 249 3470 ·
321 3446 498 3499 Iacohsinsid
516 3457 553 3498 est
566 3439 667 3498 ‘Ionem
685 3449 732 3514 qni
749 3447 795 3498 aab
813 3447 918 3512 aquilae
936 3448 1018 3511 speeie
1030 3441 1135 3498 latebat’
1230 3449 1261 3496 10
1280 3447 1377 3496 Naiada
1387 3447 1420 3507 pl,

321 3536 374 3569 nan
395 3519 420 3568 Τ
507 3523 537 3569 11
558 3522 693 3571 coronabat
705 3519 859 3572 Paachalans
877 3535 920 3568 cae
914 3519 1086 3583 praestabat
1097 3520 1202 3568 ornabat
1293 3520 1324 3566 12
1345 3511 1419 3574 enam]

284 3605 287 3611 ’
322 3605 369 3652 ego
387 3597 441 3639 tum
458 3607 528 3653 cnsp.
541 3589 675 3642 Iacabsins
767 3589 1051 3655 pietorMemmiannc.
1088 3591 1192 3640 deorum
1207 3587 1324 3652 capena

321 3659 389 3708 lusus
408 3660 532 3712 Heinsius
657 3663 817 3713 sollieitudine
836 3659 1007 3711 Memmionns
1128 3662 1160 3709 13
1180 3661 1322 3710 exclamans
1339 3653 1406 3708 sed
1397 3670 1421 3703 m

322 3730 440 3793 marpine
455 3724 541 3781 ‘mani
560 3749 587 3786 n.
606 3749 627 3784 c.
627 3727 675 3783 'L
782 3734 877 3797 tangit?
896 3732 974 3797 calpa
1083 3735 1116 3782 14
1134 3729 1419 3796 diligeretBonparn'm,

323 3797 458 3851 Iacobsins
555 3813 594 3853 set
611 3805 712 3868 scripsi,
731 3805 791 3856 item
808 3803 954 3854 Iacobsiace.
974 3810 998 3853 et
1016 3801 1071 3866 Lpt
1167 3804 1191 3852 in
1211 3804 1279 3852 coelis
1297 3800 1322 3851 L

322 3877 375 3920 tam
393 3870 419 3921 L
540 3876 571 3923 15
590 3877 671 3942 Hylan
690 3893 779 3944 marpa
796 3875 836 3926 L:
854 3876 944 3942 Hylam
957 3890 987 3939 p,
1006 3889 1096 3940 mar-po
1114 3882 1139 3935 t;
1158 3874 1231 3923 hilari
1249 3873 1275 3922 L
1293 3879 1366 3924 nenas
1381 3867 1420 3921 Pi·

323 3940 398 4004 thoei,
416 3943 502 4008 Hylan
521 3950 531 3992 t
663 3951 695 3997 16
713 3947 878 4011 interceptum
895 3962 985 4011 marpo
1002 3952 1013 3994 t
1142 3945 1291 3994 Herculeum
1310 3951 1320 3994 t

324 4015 355 4062 17
375 4029 462 4062 omnes
481 4012 532 4078 lp,
551 4014 579 4064 ds
596 4013 634 4066 T.-
652 4025 716 4080 ost,
735 4021 783 4068 hos
800 4019 899 4068 tabulae
917 4024 1042 4082 marpot.
1061 4029 1118 4066 suos
1137 4015 1203 4068 coni
1217 4013 1356 4066 Gonane

320 4084 428 4148 deniqne
446 4083 588 4148 Iocobsiaa,
606 4102 774 4152 quoscumque
793 4088 919 4149 Iahnins5
937 4105 1000 4139 nam
1018 4103 1075 4137 suos
1093 4085 1223 4173 quaeque?
1324 4085 1370 4136 leae
1386 4095 1419 4130 vr·

321 4153 383 4206 dine
400 4153 462 4204 L
444 4171 496 4205 sane
514 4158 612 4206 commo
632 4157 759 4210 saidacto
776 4160 845 4210 liaeo
861 4167 954 4210 namtas
971 4174 1110 4225 nmryopae
1128 4158 1183 4210 eins
1197 4150 1243 4209 ‘.al
1262 4174 1341 4224 qnam
1357 4151 1418 4218 aab·

321 4225 367 4280 Sic
384 4220 458 4278 nibi’
479 4225 566 4278 laben
583 4229 725 4280 habnomnt
742 4233 795 4280 sine
813 4231 911 4282 aemulo
925 4238 958 4294 pt
