3008 4962
1174 481 1210 522 XV

100 634 192 694 quam
207 614 332 676 babeant
344 615 558 676 necessitudinis
571 616 715 676 rationem
729 612 976 693 dalecampienus
992 634 1057 676 cum
1070 615 1210 676 Tolosono

101 735 129 783 et
145 701 323 785 Cuiecianus
343 743 408 784 eum
423 723 604 785 benedictino
624 721 675 782 illo
696 740 779 801 quem
795 722 940 801 prodiisse
960 726 1065 802 opinor
1086 742 1124 784 eeu
1139 723 1211 784 celle

101 832 131 893 S.
149 832 296 894 Benedicti
312 832 495 894 Florieceesi
512 834 550 894 ad
569 831 708 911 Ic’pem'm,
724 833 980 910 persuasissimum
999 842 1095 892 temen
1114 841 1154 893 est
1173 851 1211 892 en

101 943 202 1002 codem
220 945 300 1022 sonte
319 943 465 1003 damoetas
484 941 552 1002 illes
576 950 636 1002 tam
660 943 736 1001 enter
761 958 790 1000 se
816 957 913 1000 omnes
935 959 1023 1018 quam
1044 959 1136 1001 uuum
1158 944 1213 1000 uni

101 1050 212 1110 similes
231 1052 329 1128 fuisse.
362 1061 444 1130 atque
465 1051 503 1110 od
522 1049 641 1110 eandem
661 1051 801 1128 oripinem
823 1048 886 1109 noli
905 1048 1036 1110 dubitare
1051 1052 1120 1128 quin
1134 1053 1210 1110 testi·

102 1162 204 1218 menia
229 1160 394 1219 reverende
418 1163 480 1220 sint
497 1158 577 1221 Petri
600 1157 743 1230 Danielis,
768 1156 885 1218 Claudii
902 1155 1036 1228 Puteum
1063 1138 1213 1218 Hadn'eni

105 1266 241 1336 Turnebi‚
257 1266 379 1328 IIenrioi
392 1266 534 1340 Memmii,
550 1265 619 1328 Ioni
631 1267 751 1328 Donnes
762 1269 858 1346 patris
873 1269 923 1346 qui
935 1266 982 1326 oel
995 1265 1211 1328 benedictinum

101 1375 151 1435 oel
167 1373 341 1436 Tolosanum
360 1375 407 1435 oel
422 1379 572 1456 comperio
587 1394 688 1436 eorum
704 1374 875 1456 apaprepbe
889 1378 1040 1436 tenuerint.
1072 1380 1120 1436 cui
1132 1375 1210 1436 iudi-

102 1487 148 1543 cio
170 1483 279 1563 aliquid
303 1485 433 1562 ediunpit
452 1488 632 1545 auctoritatis
651 1483 782 1564 Sceliper
805 1487 855 1564 qui
869 1485 907 1546 ed
923 1503 1041 1546 carmen
1055 1483 1210 1563 Prr‘epeum

103 1591 175 1651 LIII
187 1591 240 1654 ubi
253 1591 431 1654 Petroniana
443 1613 473 1671 p.
488 1591 557 1663 173,
574 1593 593 1653 6
610 1597 858 1663 commemorauit,
871 1583 924 1654 ‘ita
938 1585 1030 1653 enem'
1043 1596 1135 1673 inquit
1145 1586 1210 1653 ‘be-

103 1701 150 1761 bet
168 1720 259 1761 enereu
279 1705 402 1780 scriptus
422 1702 528 1773 eaden,
548 1719 607 1761 nen
627 1711 660 1762 ut
672 1701 722 1762 ille
737 1721 820 1780 quem
836 1705 904 1762 citet
920 1700 1081 1772 Turnebus,
1103 1701 1211 1763 diutius

103 1810 227 1870 cinctos.
258 1812 307 1887 qui
321 1819 416 1870 temen
431 1809 535 1879 eadee,
551 1827 606 1887 que
621 1827 691 1870 usus
705 1820 746 1870 est
761 1808 923 1880 Turnebus,
938 1828 975 1870 eoo
990 1827 1021 1870 co
1036 1788 1098 1888 e'pso
1114 1829 1211 1870 meuc-

97 1918 186 1997 pleri
204 1921 308 1987 ueteri,
328 1918 404 1997 quod
423 1917 506 1979 bodie
525 1927 566 1978 est
580 1921 610 1976 in
625 1918 760 1978 menibus
775 1917 933 1978 clarissimi
945 1917 1145 1978 iurisconsulti
1159 1919 1210 1979 do·

102 2029 180 2086 mini
193 2024 293 2086 Iecebi
307 2025 430 2097 Curasti,
453 2027 612 2106 descriptus
627 2017 741 2105 suerc‘t’.
773 2025 804 2085 bi
819 2027 928 2087 codices
942 2029 1079 2104 quereiam
1090 2029 1212 2106 petuisse

102 2135 242 2194 videntur
255 2137 387 2194 cersioersi
399 2138 474 2194 inter
484 2135 634 2195 sediciones
645 2134 801 2212 turbasque
814 2133 882 2195 belli
896 2133 989 2194 eioilis
1000 2151 1054 2212 quc
1069 2131 1138 2193 XVI
1147 2153 1210 2194 see·

103 2242 170 2302 ciclo
189 2241 284 2302 Gellia
299 2242 463 2321 deprobat,
480 2260 534 2321 quo
550 2243 669 2322 facilius
683 2253 793 2303 notiora
807 2260 909 2303 eorum
925 2253 1006 2322 etque
1024 2247 1212 2322 eenpmtentie

103 2360 334 2428 cepeooseeretur,
350 2337 409 2410 non
423 2351 507 2411 modo
524 2361 533 2410 t
549 2362 606 2429 etp
619 2361 739 2430 praeter
753 2350 775 2410 t
787 2350 872 2430 plesse
887 2351 996 2412 coronali
1009 2371 1111 2412 oerum
1127 2355 1211 2412 etiem

102 2464 130 2520 si
149 2477 206 2538 que
228 2459 294 2519 inde
314 2461 374 2518 oiri
393 2460 467 2520 docti
480 2459 600 2520 illorum
616 2471 778 2538 teneporum
794 2459 964 2520 rettulerant
978 2459 1146 2537 sinpillotim
1162 2463 1211 2522 de-

102 2565 213 2627 stinebi
232 2566 424 2646 perscribere.
460 2566 629 2628 bIemmieni
647 2571 818 2627 cicomariam
839 2570 896 2626 nisi
917 2567 951 2626 eb
973 2571 1064 2646 ipsius
1082 2567 1213 2628 Memmii
1222 2591 1360 2630 aristonicus

103 2674 212 2734 rsotulis
232 2686 283 2735 eccl
301 2694 320 2734 e
336 2673 467 2735 Turncbo
483 2674 621 2735 lambino
637 2674 781 2736 Sem-buco
804 2651 950 2744 orbessioi,
962 2676 1125 2754 prodidisse
1140 2680 1209 2737 scite

103 2782 258 2842 Ilosobium
272 2792 298 2844 et
309 2782 513 2844 Burmannum
528 2784 684 2843 seeeendnm
699 2782 879 2844 collationem
894 2787 954 2844 eius
969 2782 1040 2844 libri
1049 2783 1213 2864 enempleci

104 2890 302 2952 Tornaesiano
330 2893 521 2970 adscriptam,
550 2895 597 2952 oeci
621 2910 689 2951 ceoe
714 2894 837 2951 mintium
864 2892 974 2954 eredas.
1007 2891 1210 2972 neplependum

102 3011 200 3060 eutem
216 3000 290 3060 duni
305 3001 427 3060 codicem
443 2999 612 3060 Parisiorum
626 3000 709 3060 nette
724 3002 761 3069 Α,
782 3004 814 3060 in
828 3019 911 3079 quem
925 2999 1027 3062 Petrus
1042 3000 1159 3063 Claudii
1171 3002 1210 3081 fi-

100 3109 161 3167 lius
171 3106 317 3169 Puteerms
332 3127 409 3169 uitreo
421 3110 440 3168 I
443 3110 463 3168 o·
466 3108 507 3168 (lo
523 3113 674 3170 sententies
690 3109 798 3187 ele'pnot
813 3113 1040 3189 transcripserat
1050 3129 1064 3170 e
1075 3109 1208 3172 Petronio

100 3233 163 3275 reon
177 3221 375 3297 monuscripte
392 3218 440 3278 sed
455 3220 529 3297 tppis
543 3235 688 3298 cupresso.

166 3407 168 3409 Ι
189 3323 255 3385 Non
276 3326 393 3406 despero
414 3326 527 3406 quidem
546 3328 611 3404 fore
631 3337 662 3387 ut
678 3326 786 3387 alieubi
796 3331 962 3406 reperietur
976 3326 1105 3388 Petronii
1119 3329 1209 3388 codor

98 3436 151 3512 qui
175 3435 291 3494 tetidem
315 3445 452 3514 enoerpta
472 3445 538 3513 quet
558 3434 610 3514 ipe
630 3435 851 3515 comprehendet
871 3436 917 3496 oel
936 3447 968 3498 ut
982 3435 1113 3514 enemplo
1128 3446 1206 3506 utar,

98 3559 161 3601 econ
187 3545 298 3603 emittet
312 3561 342 3620 p.
359 3539 441 3614 11,ss
462 3543 518 3602 iam
540 3560 594 3621 pro
615 3543 683 3603 cella
705 3543 840 3604 enecatrix
866 3563 962 3604 assem
983 3552 1129 3622 exegeram
1156 3563 1208 3604 reos

99 3662 198 3710 tamen
223 3649 337 3711 nullum
362 3654 596 3730 inoestipeoimus
618 3641 737 3730 praeter
766 3634 955 3732 epoprepbon
979 3650 1208 3731 Sceliperennm.

99 3777 171 3818 ream
192 3759 268 3838 quod
288 3759 462 3820 adservatur
481 3763 512 3820 in
533 3758 701 3820 bibliotleeee
721 3759 890 3821 ,Voreeoensi
907 3779 937 3821 n.
953 3758 1059 3822 tetre
1070 3751 1211 3822 ‘Petronii

98 3867 216 3928 Arbitri
229 3867 384 3947 Satpre'con
404 3871 585 3946 cestipatum
607 3871 784 3948 suscriptum
804 3870 842 3930 acl
861 3870 982 3931 verbnm
1001 3889 1039 3930 eoo
1058 3888 1109 3930 ms.
1125 3869 1160 3928 II.
1177 3870 1208 3930 I’.

98 3976 203 4036 Iacebi
220 3976 390 4038 Bidermani
403 3972 432 4036 S.
448 3967 481 4036 I.'
507 3959 622 4038 soeculo
646 3975 731 4036 XVII
749 3977 795 4038 oel
817 3976 919 4037 XVIII
935 3980 1037 4057 forme
1060 3978 1209 4040 duodena-

99 4088 162 4155 ria,
178 4087 342 4165 foedissime
361 4086 565 4164 interpolatum
585 4090 703 4148 mutatis
721 4063 887 4147 nominibus
905 4086 983 4148 velut
993 4104 1051 4166 pre
1067 4097 1166 4166 stupro
1183 4097 1209 4145 et

97 4196 214 4273 fornice
231 4212 326 4272 penca
346 4195 452 4256 dieitur
466 4205 493 4255 et
506 4198 693 4256 miseriorum
709 4195 822 4268 eloeco,
845 4199 968 4257 inversis
984 4195 1070 4256 rebns
1085 4194 1162 4255 velut
1177 4197 1208 4253 in

98 4305 193 4384 eapite
208 4302 246 4364 Il
263 4305 437 4383 supponitur
452 4303 530 4364 eleae
546 4303 634 4375 lusus,
652 4305 765 4384 addetis
780 4308 893 4384 iroeptiis
909 4303 986 4364 oelnt
1000 4306 1100 4382 incipit
1114 4303 1207 4362 Iussu-
