3078 4956
580 358 734 434 ”sarman
1153 383 1213 446 185

84 544 116 595 to
127 538 266 600 nominare
285 538 402 617 quidem
422 545 451 598 te
470 536 547 596 inter
563 554 613 596 res
634 535 724 596 serias
744 536 791 596 las
807 543 861 596 est
891 537 949 597 hoe
963 536 1000 598 de
1013 545 1042 596 te
1057 538 1164 610 merui,
1182 545 1216 599 nt

97 645 166 694 tme
185 637 217 696 in
235 635 313 696 caelo
335 637 463 716 positum
486 636 522 695 ad
543 634 654 695 inferos
676 630 828 694 traheres?
850 630 862 717 ΙΙ
878 641 911 694 nt
932 634 1098 696 traduceres
1120 654 1214 698 annos

126 734 210 810 primo
229 733 367 795 florentes
385 734 485 812 vigore
504 741 694 811 senectaeque
712 733 830 792 ultimae
851 732 922 792 milri
941 731 1142 793 lassitudinem
1157 733 1213 794 im-

126 827 260 909 poneres?
285 851 356 910 rogo
372 843 409 905 te,
425 831 498 892 milri
513 831 650 910 apodixin
667 830 877 892 defunctoriam
893 821 1002 892 redde?
1026 828 1097 888 haec
1111 837 1143 890 ut
1156 829 1216 891 ira-

102 936 167 989 slus
182 929 273 1004 effudi,

82 1040 115 1091 10
271 1024 283 1110 ΙΙ
299 1027 345 1088 illa
359 1027 423 1088 solo
438 1028 514 1088 fixos
531 1028 634 1090 oculos
649 1046 748 1088 aversa
763 1025 894 1098 tenebat,

296 1144 351 1186 neo
365 1125 457 1203 magis
472 1126 587 1206 incepto
603 1125 715 1186 vultum
731 1143 867 1187 sermone
882 1133 1018 1185 movetur

296 1240 382 1302 quam
397 1221 491 1284 lentae
505 1223 606 1284 salices
620 1225 735 1285 lassove
750 1241 894 1304 papavera
909 1223 993 1284 collo.

200 1319 360 1380 necminns
372 1327 497 1398 egotam
510 1321 596 1382 loeda
608 1322 808 1400 obiurgatione
818 1323 899 1382 linita
910 1321 1119 1402 poenitentiam
1132 1339 1217 1400 agere

90 1432 112 1479 ro
126 1417 260 1478 sermonis
276 1419 332 1478 mei
349 1419 431 1497 coepi
447 1426 617 1498 secretoque
631 1419 740 1480 rubore
755 1420 899 1498 perfundi,
914 1420 993 1500 quod
1010 1419 1118 1480 oblitus
1134 1438 1216 1480 rere·

125 1517 233 1578 eundiae
248 1536 328 1577 meae
344 1535 410 1577 eum
428 1536 459 1578 ea
476 1525 556 1596 parte
572 1518 707 1597 corporis
722 1518 808 1578 verba
825 1518 1008 1591 contulerim,
1024 1535 1111 1597 quam
1127 1535 1164 1578 ne
1180 1517 1215 1578 ad

125 1615 308 1692 cognitionem
330 1615 446 1693 quidem
466 1615 618 1676 admittere
639 1615 793 1676 severioris
813 1624 899 1676 notae
920 1617 1056 1676 homines
1079 1615 1215 1676 solerent.

125 1730 185 1772 mox
202 1711 355 1792 perfricata
377 1711 485 1772 diutius
504 1713 602 1774 fronte
619 1704 705 1791 ‘quid
726 1720 821 1773 antem
838 1704 906 1791 ego'
921 1713 1040 1791 inquam
1052 1706 1135 1774 ‘mali
1150 1713 1214 1786 leci,

125 1808 146 1867 si
160 1808 283 1870 dolorem
299 1829 398 1870 meum
413 1810 535 1873 naturali
551 1811 678 1872 convitio
693 1808 870 1872 exoneravi?
886 1818 936 1873 aut
951 1810 1019 1891 quid
1035 1818 1080 1872 est
1094 1811 1174 1890 quod
1185 1810 1215 1872 in

90 1913 112 1963 15
127 1925 237 1986 corpore
261 1908 392 1968 humano
419 1909 511 1970 ventri
535 1910 706 1971 maledicere
733 1910 863 1970 solemus
889 1915 938 1970 aut
963 1908 1046 1988 gulae
1072 1909 1216 1988 capitique

126 2005 198 2067 etiam
217 2026 284 2068 cnm
306 2006 421 2087 saepius
441 2005 540 2069 dolet‘.l
567 2005 661 2088 quid?
683 2024 743 2068 non
765 2013 794 2068 et
813 2006 907 2068 Vlixes
927 2026 994 2068 cnm
1015 2008 1104 2069 corde
1124 2007 1216 2087 litigat

96 2111 182 2177 esne,
196 2100 207 2188 11
223 2113 253 2165 et
271 2104 389 2184 quidam
409 2106 508 2184 tragici
529 2107 630 2168 oculos
646 2124 718 2166 suos
733 2113 872 2184 tanquam
887 2103 1038 2167 audientes
1053 2104 1216 2186 castigant?

124 2203 258 2282 podagrici
273 2203 399 2284 pedibus
415 2205 477 2265 suis
493 2204 682 2276 maledicunt,
700 2202 850 2283 chiragrici
865 2203 1010 2278 manibus,
1026 2204 1097 2286 lippi
1113 2205 1216 2279 ceorlis,

185 2410 197 2455 1
217 2415 253 2456 eet
272 2405 359 2456 ond
449 2411 464 2456 2
484 2410 509 2456 in
522 2409 621 2457 eoelum
634 2407 805 2458 Memmiadae
895 2411 909 2456 8
929 2402 1104 2459 n'lihinltinlse
1121 2411 1145 2459 L

124 2479 271 2541 tapedixim
290 2478 316 2527 L
448 2480 608 2528 delectoriam
627 2479 806 2532 Memmionns.
843 2478 997 2543 suspicabor
1021 2495 1066 2528 nec
1088 2481 1216 2530 defuneto·

123 2549 175 2596 n'sm
197 2549 317 2614 thniam
335 2549 517 2598 defunctoriam
543 2557 589 2600 ont
606 2550 815 2615 perfunctorium
833 2550 886 2600 dioc'
904 2549 973 2614 quod
992 2549 1071 2599 obiter
1090 2567 1121 2599 ac
1138 2551 1216 2616 negli-

121 2627 198 2681 genter
213 2620 278 2686 fiat,
301 2637 354 2670 non
377 2619 446 2684 qnod
470 2637 523 2670 rem
547 2628 635 2684 aperte
660 2638 690 2670 oc
704 2623 823 2687 praeesse
847 2621 977 2685 conficiet,
1001 2628 1025 2670 et
1041 2636 1098 2684 cap.
1119 2624 1169 2672 136
1193 2629 1218 2671 et

123 2688 197 2740 rhetor
212 2689 311 2742 Seneca
330 2707 386 2741 enm
403 2691 469 2741 ineis
487 2691 653 2756 scriptoribus
671 2693 781 2742 ostendit
888 2698 901 2741 b·
922 2701 947 2743 ct
967 2697 979 2742 1
1000 2691 1141 2758 Vergiliani
1158 2707 1216 2742 uer·

123 2776 159 2810 ans
175 2761 293 2813 Aeneidis
318 2761 361 2812 VI
376 2766 427 2814 469
447 2770 471 2811 et
488 2766 541 2812 470
660 2766 726 2830 solos
740 2763 766 2814 P
883 2766 952 2813 tiseos
971 2763 1000 2813 F
1112 2765 1216 2813 aduersa

124 2831 217 2886 ,lude
253 2836 389 2897 diuersas,
408 2850 496 2898 margo
516 2842 526 2883 t
632 2839 646 2883 t
666 2836 799 2897 incertos,
818 2832 910 2884 nmoS
999 2837 1094 2884 uultum
1113 2834 1215 2900 BLPp,

124 2905 205 2953 uoltum
229 2903 370 2970 Verqilim:
389 2907 471 2954 nultus
490 2905 566 2955 ceteri
672 2907 688 2953 8
708 2923 753 2955 sno.
774 2907 799 2956 P
904 2907 991 2956 silente
1009 2908 1071 2956 salix
1090 2907 1216 2974 noamoB

124 2972 250 3026 imitatione
274 2975 426 3042 Vergiliana
444 2976 508 3026 Aen.
534 2975 576 3025 VI
591 2979 642 3026 471
660 2969 749 3041 ‘qnam
772 2977 794 3026 si
812 2976 883 3026 dura
900 2977 964 3027 sileo:
984 2986 1031 3026 ant
1047 2986 1093 3028 stet
1111 2979 1216 3044 Marpe-

124 3045 158 3093 sic
173 3041 275 3098 eauns'.
313 3050 380 3097 lenta
404 3049 466 3096 salix
491 3056 610 3110 quantum
640 3046 767 3114 Vergilius
792 3048 835 3100 ecl.
861 3047 886 3096 V
901 3051 949 3112 16,
972 3051 1069 3099 lassoue
1092 3067 1217 3115 papauere

124 3117 176 3166 collo
193 3117 259 3168 idem
277 3119 343 3170 Aen.
369 3116 466 3167 VIIII
481 3121 534 3168 434
641 3121 743 3183 lapsoue
765 3117 809 3168 OG
928 3135 1015 3170 uersus
1034 3122 1072 3170 Ill
1091 3121 1217 3186 subscrip·

126 3190 209 3238 somn
354 3193 368 3238 9
388 3192 482 3238 linitam
501 3189 527 3239 P
645 3181 748 3240 ‘ductor
765 3189 862 3254 dialogi
880 3189 911 3240 de
930 3191 1075 3240 oratoribus
1094 3208 1150 3256 cop.
1170 3195 1217 3242 15.-

124 3272 191 3321 neqne
214 3262 291 3322 illius,
315 3262 406 3323 inquit,
430 3263 550 3311 sermonis
570 3262 618 3309 mei
635 3262 813 3326 poenitentiam
832 3277 880 3326 ago
899 3261 943 3311 not
962 3261 1082 3310 Pithoeus
1099 3268 1173 3310 notat
1189 3261 1218 3310 in

123 3331 250 3395 tempato
268 3331 363 3382 Italico
387 3331 547 3396 adscriptum
564 3331 651 3396 fnisse
670 3333 756 3380 eedem
775 3334 851 3381 uerba
869 3339 926 3382 soant
944 3325 1064 3380 Petronii'
1085 3331 1217 3380 Bne-mem-

122 3415 163 3448 mos
275 3405 308 3452 10
329 3403 494 3452 uerecundiae
512 3403 538 3453 B
656 3405 686 3464 11
709 3417 765 3452 eam
783 3403 808 3452 A
921 3403 997 3451 uerba
1015 3417 1062 3453 om.
1081 3401 1110 3450 D

122 3485 204 3532 quaene
222 3475 254 3523 ed
273 3473 300 3524 P
423 3478 454 3522 12
474 3475 649 3539 cogitationem
667 3473 854 3523 Rittersltnsius
974 3472 1103 3521 admittere
1120 3471 1155 3535 B,
1174 3473 1216 3522 ad·

121 3543 209 3593 mictere
228 3543 258 3594 F
381 3546 489 3594 solerent
507 3546 532 3595 B
551 3543 738 3594 Memmiadae:
756 3547 837 3594 solent
855 3543 931 3594 ceteri
1049 3545 1081 3592 13
1099 3544 1217 3608 perfricta

120 3621 144 3660 ot
159 3631 173 3664 c
190 3632 253 3666 corr.
274 3630 306 3665 en
325 3630 340 3663 o
358 3614 483 3666 uideatur
501 3615 534 3680 L,
553 3632 643 3681 margo
662 3623 678 3667 t.
716 3617 836 3665 confricta
854 3614 1026 3664 Memmionus
1133 3624 1217 3666 autem

121 3685 390 3738 munerandam
499 3690 532 3736 14
551 3689 626 3737 natali
644 3702 656 3734 s
674 3702 731 3735 oum
747 3685 863 3751 margine
877 3694 893 3749 t,
911 3683 998 3735 nond
1104 3688 1218 3738 conuicio

120 3753 171 3806 libri
177 3766 285 3821 praeter
296 3757 349 3808 BP
353 3775 362 3817 ,·
380 3757 410 3807 in
423 3756 447 3808 d
459 3767 469 3806 t
481 3775 517 3808 on
529 3774 543 3807 c
556 3765 619 3807 esset
629 3773 680 3807 non
693 3757 867 3808 discernebam
956 3758 1111 3806 exhonerani
1124 3757 1150 3807 P

120 3827 338 3893 estquod]qu
428 3830 574 3878 maledicere
587 3827 613 3877 B
705 3831 735 3878 16
756 3844 805 3878 non
818 3827 906 3877 BLP:
925 3843 985 3876 num
997 3827 1173 3894 AODden,
1193 3831 1218 3878 ni

120 3899 263 3965 coniungens
282 3901 367 3962 quidni
379 3898 407 3948 E
494 3901 528 3963 et]
543 3909 569 3948 ut
582 3898 679 3962 Anus,
693 3901 750 3948 exul
762 3898 787 3949 L
800 3915 856 3949 cnm
869 3897 1024 3948 Memmiano
1037 3907 1061 3950 et
1071 3901 1187 3965 margine
1201 3908 1218 3952 t.

119 3968 146 4031 ⁰s·
160 3969 288 4036 Odysseae
297 3969 354 4019 XX
363 3973 405 4034 17,
423 3986 469 4021 nec
481 3970 627 4020 Romanum
642 3985 746 4020 neroum
758 3969 835 4020 menti
847 3969 980 4032 scriptoris
991 3969 1154 4020 obuersatum
1166 3986 1218 4022 esse

120 4039 186 4091 credo
276 4043 363 4103 ulixes,
375 4059 427 4090 noos
436 4043 530 4109 Vlyxes
540 4039 733 4101 Aemus,-
752 4042 851 4106 Ulysses
864 4039 889 4089 L
981 4045 1011 4090 17
1026 4042 1154 4105 quidemp

119 4114 196 4176 ragin
213 4130 267 4163 non
280 4120 373 4177 poetae
392 4121 438 4164 out
450 4121 566 4162 unctores
578 4111 623 4162 sed
631 4110 923 4176 personnesabnlarum
934 4111 1006 4162 oelot
1021 4111 1135 4176 Oedipus

119 4191 229 4247 tanquam
246 4185 359 4234 uidentes
378 4193 420 4234 ant
437 4199 509 4234 aures
528 4191 646 4246 tanquam
666 4183 792 4234 audientes
811 4181 975 4248 Bongarsins
