3022 4956
282 415 326 480 ιο
756 409 911 466 enmono

284 559 366 631 detis'
381 565 476 646 inquit
485 556 628 630 ‘mulieris
642 565 815 648 compedest
834 566 878 628 sin
891 584 949 630 nos
963 567 1314 648 bencalosdeapoliemur..
1340 587 1395 634 sex
1409 580 1434 632 11

285 666 386 747 pondo
405 672 436 726 et
451 663 585 726 selibram
599 662 688 726 debet
700 663 816 726 bebere.
841 671 872 726 et
885 666 1053 746 ipsenibilo
1068 666 1166 728 minus
1180 664 1274 742 haheo
1289 665 1394 728 decem

285 764 385 846 pondo
412 761 553 825 umidam
572 781 608 824 ex
626 761 789 840 millesimis
809 761 942 826 Mercurii
967 755 1092 827 iactam.²
1119 763 1223 826 adtimo
1245 764 1335 826 etiam
1352 783 1393 826 ne

282 861 400 926 mentiri
410 861 563 936 rideretur,
578 867 716 924 stateram
726 859 919 924 ioasitatlerri
928 869 961 924 et
972 861 1136 925 cbordatim.
1142 861 1304 942 approbari
1313 881 1392 942 pon-

283 963 349 1025 dus.
377 980 433 1026 nec
450 958 555 1022 melior
573 957 719 1032 Scintilla,
737 977 812 1038 quae
833 959 998 1033 decervice
1017 979 1069 1022 sna
1088 959 1246 1041 capsellam
1264 961 1422 1023 donante

283 1060 445 1134 aureolam,
466 1075 554 1139 quam
568 1056 751 1120 Felicionem.
766 1056 942 1138 appellabat,
967 1057 1114 1135 indefdno
1136 1055 1254 1120 crotalia
1269 1057 1393 1137 protulit

282 1167 315 1221 et
327 1159 502 1222 Fortunatae
523 1153 664 1216 invicem
683 1155 896 1218 consideranda
915 1155 996 1216 dedit
1014 1147 1195 1218 etfdomini
1208 1146 1392 1235 inquit‘mei

281 1244 762 1320 benefieiommohabetmedora'
779 1243 895 1334 ‘quidl'
907 1252 1157 1332 inquit-liabinnas
1165 1245 1392 1316 ‘excatarissasti

284 1373 348 1427 me,
369 1360 401 1415 ut
414 1352 469 1414 tibi
484 1369 612 1413 emerem
626 1351 723 1419 labam
739 1353 869 1414 vineam.
899 1352 985 1432 plane
999 1351 1024 1413 si
1036 1351 1130 1414 liliam
1145 1352 1392 1426 haberempenri·

284 1452 363 1514 colas
382 1450 421 1512 illi
440 1448 647 1530 praeciderem.
677 1451 814 1512 mulieres
830 1450 855 1511 ai
870 1467 933 1511 non
947 1450 1242 1530 essent‚omnia.pr0
1256 1450 1321 1524 loto
1332 1451 1389 1513 lra-
1406 1457 1437 1508 to

284 1550 435 1624 beremus3
449 1566 529 1612 nanto
542 1548 599 1610 hoo
614 1555 659 1610 est
673 1548 788 1612 caldum
802 1548 911 1621 metere
923 1548 1103 1628 etfrigidom
1118 1539 1241 1627 potore?
1279 1581 1292 1606 ι,
1328 1599 1331 1608 .

368 1647 484 1710 interior
503 1646 639 1709 mulieres
659 1647 772 1708 sauciae
786 1647 862 1709 inter
876 1665 909 1708 se
921 1646 1053 1710 riserunt
1065 1647 1219 1727 ebriaeque
1234 1648 1393 1710 iunxerunt

284 1748 397 1822 oscula,
417 1746 488 1808 dum
504 1744 592 1806 altera
607 1744 784 1824 diligentiam
796 1745 903 1823 mptris
915 1743 1042 1808 bmiliae
1055 1745 1161 1824 motat„
1170 1746 1260 1809 altera
1274 1747 1392 1810 deicias

280 1856 314 1910 et
332 1843 539 1925 indiligentiam
558 1840 622 1903 viri.
651 1841 779 1923 dumque
794 1845 837 1906 sio
852 1843 1018 1921 cohaerent,
1033 1843 1301 1917 Habinnaslurtim
1316 1865 1392 1908 con-

284 1945 411 2008 surrexit
429 1943 579 2023 pedesque
592 1941 772 2004 Fortunatae
784 1949 938 2021 correptcs
952 1961 1043 2022 super
1055 1943 1162 2006 lectum
1172 1943 1310 2006 immisit.
1335 1937 1391 2008 ‘au
1410 1959 1440 2010 15

284 2035 333 2106 au'
348 2043 395 2104 illa
414 2038 606 2120 proclamavit
622 2039 776 2105 aberrante
789 2039 888 2104 tunica
902 2058 992 2119 super
1006 2059 1107 2119 genua
1138 2043 1303 2124 composita
1317 2061 1393 2124 erpa

284 2143 315 2203 in
336 2138 450 2218 gremio
469 2137 615 2200 Scintillm
636 2136 1031 2202 indecentissimemtruboce
1048 2138 1157 2202 ¹faciem
1187 2141 1307 2204 sudario
1335 2141 1392 2204 ab·

285 2237 408 2300 scondit.
818 2284 820 2292 ⁴
1110 2286 1123 2294 ,,
1146 2287 1149 2294 .

228 2341 268 2405 68
368 2333 545 2415 interposito
573 2333 677 2396 deinde
703 2334 798 2413 spatio
824 2353 891 2398 cum
909 2335 1070 2397 secundas
1075 2355 1199 2410 menses
1207 2337 1392 2402 liimalclaio

279 2434 419 2498 iussisset
427 2433 540 2507 aliern
555 2432 741 2495 sustulerunt
722 2433 825 2495 tservi
840 2452 945 2503 omnes
956 2451 1078 2496 mensas
1094 2444 1123 2496 et
1135 2434 1206 2497 alias
1221 2435 1391 2511 attulerunt,
1408 2451 1443 2502 ae

198 2550 200 2555 ’
284 2535 462 2615 scobemque
484 2531 572 2594 croco
591 2538 620 2592 et
638 2530 730 2605 minio
744 2531 865 2594 tinctam
880 2540 1058 2613 sparserunt
1070 2540 1112 2607 et,
1133 2532 1216 2613 quod
1228 2551 1395 2614 numquam

284 2641 351 2697 ante
366 2633 507 2707 videram,
530 2651 565 2694 ex
580 2629 675 2710 lapide
689 2630 832 2710 speculari
846 2630 994 2710 pulverem
1009 2631 1121 2694 tritum.
1150 2632 1248 2693 statim
1264 2631 1395 2694 Trimal-

283 2825 581 2838 *un-..c-u-—n--m

279 2945 282 2952 ι
356 2913 1034 2990 1murtensutlebomemquc'teffnacsmulieresff
1053 2927 1183 2978 muliebres
1192 2925 1247 2976 Hei
1273 2899 1275 2903 ι

284 2995 320 3056 sir
339 2995 375 3058 E,
395 3011 447 3044 coc
466 2997 501 3048 ιιι
548 3037 550 3044 ,
603 2962 748 3058 bercaleede
766 2997 900 3060 spoliamur
918 2994 960 3048 H:
978 2996 1105 3058 beboeceli
1118 2997 1233 3062 probol*
1353 2998 1360 3009 “

283 3065 337 3114 rios
356 3065 388 3130 cf.
404 3082 434 3130 p.
454 3069 496 3129 41,
518 3070 541 3119 ι.
578 3067 656 3116 baeeli
679 3065 838 3131 Seteffcroe,
861 3067 984 3117 berbeonli
1001 3066 1151 3132 Beicesiua,
1177 3070 1222 3118 ber

283 3136 338 3186 uiri
355 3136 444 3188 ocor-ii
461 3154 479 3186 a
490 3104 531 3198 βᾶ
532 3155 571 3205 paq
586 3135 721 3201 pudendae
739 3137 880 3199 Antonius,
898 3137 1000 3188 berieuli
1018 3155 1035 3187 o
1054 3138 1147 3190 barocco
1168 3137 1189 3189 0
1210 3140 1225 3151 ’“
1262 3145 1268 3204 ζ
1293 3156 1326 3204 p.
1343 3145 1393 3206 41,

283 3210 399 3259 herbulae
417 3208 592 3258 celbaburrne
605 3207 803 3258 Hildebrcndus
816 3207 852 3257 od
863 3208 958 3272 Apule
969 3217 1026 3259 met
1010 3209 1060 3259 I
1063 3209 1127 3260 Vir
1136 3227 1168 3275 p.
1177 3213 1239 3274 ιβ’.
1272 3179 1393 3266 beneclee,

283 3282 449 3346 despoliemue
462 3278 575 3330 Iclmius
664 3283 679 3331 2
699 3281 789 3330 debent
801 3277 946 3344 Sebefferus
1036 3284 1052 3330 4
1072 3282 1208 3331 circulatim
1222 3281 1278 3336 Iao.
1291 3281 1394 3334 Grono-

282 3353 356 3404 ciac.
377 3349 570 3404 circulatumH.
607 3351 777 3401 circumlatum
789 3349 914 3412 Heinsius
1022 3355 1036 3400 5
1056 3352 1214 3418 scyntrlleH
1316 3355 1394 3414 catel-

282 3426 332 3490 lam
350 3423 484 3476 Iocobsica
594 3425 608 3471 6
628 3423 772 3472 filicionem
777 3437 847 3486 coep
866 3421 991 3472 Heinsius
1087 3426 1102 3471 8
1122 3424 1304 3475 excatarissasti
1322 3431 1347 3474 et
1362 3424 1394 3474 ι“ιι

282 3497 399 3562 morqine
418 3495 588 3548 exceterizesti
600 3492 632 3544 Η
737 3497 769 3544 tt
788 3492 934 3543 decertasse
952 3493 1130 3546 narrationem
1148 3494 1298 3559 compilator
1315 3493 1394 3546 oide-

258 3603 261 3624 <
283 3574 334 3618 tter.
370 3584 431 3617 ιιαιιι
454 3569 553 3618 sanciae
571 3565 633 3616 alico
652 3565 674 3614 si
692 3564 881 3630 intellegantur¹
901 3559 937 3622 tta
954 3557 1056 3616 coitio·
1074 3565 1116 3616 siat
1133 3565 1276 3616 maledictis
1288 3563 1393 3616 Habin-

283 3653 332 3688 cce
351 3639 469 3702 offensae,
484 3637 593 3700 placius
612 3635 686 3686 boc
676 3652 761 3700 ipsum
780 3633 886 3686 debebat
876 3635 1011 3700 tecpricei
1119 3639 1150 3686 13
1170 3637 1335 3686 matrifamilio
1347 3635 1392 3687 H·

283 3708 452 3758 emendommt
467 3707 684 3759 thbomemnt
659 3715 684 3756 et
694 3705 839 3771 Solueffertco
931 3709 964 3756 14
977 3707 1154 3771 indulgentiam
1167 3707 1302 3758 Patauino

285 3779 316 3826 15
337 3786 463 3842 correptos
482 3775 638 3841 Scieffcrsts:
664 3787 788 3829 correctos
806 3777 841 3828 H
959 3793 1025 3828 euno
1043 3778 1078 3829 H
1096 3786 1154 3830 teste
1173 3777 1268 3832 Keilio.
1288 3780 1338 3828 -ιιιι
1355 3776 1391 3828 ah

282 3848 428 3914 Sebefferos
452 3863 508 3898 ιιιιιι
532 3863 564 3898 eo
589 3865 621 3898 an
641 3848 775 3900 Patauino
800 3847 903 3900 liaberet
1046 3852 1077 3899 16
1098 3850 1237 3913 composite
1255 3848 1391 3914 prioribus

283 3920 415 3972 omiticmt
432 3917 466 3970 H
587 3924 616 3970 ll
636 3922 862 3972 indecentissimam
880 3919 1030 3970 Beiccsius:
1048 3922 1165 3972 indecens
1185 3922 1262 3972 iuram
1279 3918 1316 3972 Η.
1350 3922 1390 3970 in·

284 3992 454 4050 consissimem
472 3989 540 4040 ideas
553 3989 698 4055 Reicesiuq
716 3993 915 4042 decentissimam
932 3987 975 4042 uel
992 3993 1042 4042 iam
1061 3993 1260 4044 decentissimam
1278 3989 1391 4044 Welltoa

279 4079 309 4128 p.
323 4063 367 4126 37,
385 4062 479 4146 ingenti
497 4077 629 4112 accensam
647 4061 782 4114 Ioccbsiue
800 4062 843 4114 cci
855 4061 1009 4128 praeferam
1026 4063 1150 4114 indecenti
1168 4064 1295 4112 incensam

277 4153 317 4204 us
335 4150 470 4215 interpoito
489 4148 523 4200 Η
655 4153 686 4199 21
707 4153 857 4216 scobemque
874 4148 1036 4216 Sclaeffeacaa
1058 4152 1222 4215 scrobemque
1238 4147 1270 4202 H

284 4227 317 4274 22
337 4223 437 4274 uictum
454 4220 491 4274 H.
520 4219 636 4286 forloate
650 4227 797 4284 permutato
815 4221 907 4272 ordine
925 4223 1009 4274 tritum
1025 4223 1154 4286 puluerem
