3022 4956
595 419 739 473 sennes
1161 424 1218 487 111

64 584 87 636 L
104 576 204 638 movit
221 583 310 656 caput
323 583 352 637 et
362 564 479 636 ‘laudo'
493 573 589 654 inquit
598 565 817 654 ‘Ganymedem
846 581 965 654 oportet
978 574 1066 636 bodie
1077 575 1151 636 benc
1165 566 1220 640 sit'

103 692 169 736 non
187 673 342 737 delectavit
355 691 403 734 mc
416 680 476 734 tam
492 672 643 734 curiosum
658 671 834 752 principium
850 673 1001 753 timnique,
1016 691 1054 734 ne
1067 674 1099 734 in
1115 681 1221 736 contu·

103 774 249 836 bernium
269 772 447 852 recepissem
463 770 569 851 Ascylti
588 789 699 852 parem.
728 770 819 832 instat
832 769 1005 851 Eumolpus,
1021 779 1050 834 ct
1064 785 1222 853 cum'puer

103 871 145 932 illi
161 872 321 951 potionem
337 871 481 944 dedisset,
497 861 593 931 ‘malo
608 860 649 930 te’
665 868 760 948 inquit
770 859 870 948 ‘quam
885 867 1021 933 balneum
1037 864 1146 935 totum’
1162 874 1221 934 sic-

71 981 87 1031 5
106 978 238 1050 satoque
257 969 341 1031 avide
361 968 468 1048 poculo
489 974 576 1048 negat
594 966 651 1029 sibi
670 985 800 1048 unquam
820 965 932 1028 acidius
951 968 1053 1032 luisse.
1080 963 1166 1032 ‘nam
1192 977 1222 1033 et

104 1069 179 1130 dum
197 1058 294 1128 lavor'
310 1057 469 1146 ait‘paene
485 1065 630 1146 vapulavi,
653 1065 721 1145 quia
736 1072 859 1128 conatus
875 1083 942 1128 sum
959 1066 1035 1129 circa
1049 1068 1156 1130 solium
1172 1088 1220 1130 se-

104 1166 251 1228 dentibus
267 1182 385 1228 carmen
400 1164 531 1239 recitare,
547 1172 576 1226 et
591 1172 747 1245 postquam
764 1165 800 1226 de
813 1163 916 1226 balneo
932 1172 1071 1245 tanquam
1086 1168 1122 1230 de
1136 1168 1221 1229 thea-

103 1271 152 1326 tro
170 1263 287 1326 eiectus
303 1283 379 1338 sum,
394 1263 516 1326 circuire
531 1280 634 1325 omncs
650 1263 773 1342 angulos
789 1262 875 1341 coepi
890 1269 919 1323 et
935 1262 1010 1325 clara
1025 1282 1096 1326 voce
1111 1265 1220 1327 Encol-

103 1363 180 1443 pion
197 1362 356 1424 ciamitare.
386 1381 422 1422 ex
436 1361 525 1424 altera
539 1368 622 1443 parte
637 1360 749 1424 iuvenis
765 1361 879 1436 nudus,
899 1360 949 1440 qui
964 1363 1135 1426 vestimenta
1150 1382 1221 1445 per-

58 1466 88 1516 to
106 1461 235 1536 diderat,
249 1479 312 1522 non
327 1459 444 1522 minore
459 1460 595 1522 clamoris
610 1460 810 1541 indignatione
825 1460 931 1522 Gitona
945 1459 1100 1539 flagitabat.
1131 1469 1159 1524 et
1173 1481 1221 1524 me

104 1560 231 1640 quidem
252 1559 335 1638 pueri
355 1566 494 1638 tanquam
514 1558 651 1622 insanum
671 1559 834 1622 imitatione
856 1557 1093 1636 petulantissima
1107 1560 1220 1622 derise-

104 1666 194 1734 runt,
214 1657 294 1720 illum
310 1663 407 1719 autem
420 1658 584 1737 frequentia
600 1658 702 1739 ingens
718 1656 907 1720 circumvenit
922 1675 987 1718 cum
1002 1657 1106 1736 plausu
1122 1665 1151 1720 ct
1166 1659 1221 1721 ad-

105 1757 270 1819 miratione
285 1755 479 1818 timidissima.
503 1755 625 1819 babebat
639 1756 718 1818 euim
733 1755 887 1836 inguinum
900 1755 1017 1835 pondus
1029 1763 1088 1818 tam
1101 1757 1218 1836 grande,

105 1863 140 1918 nt
158 1855 264 1936 ipsum
285 1855 436 1916 hominem
456 1854 589 1917 laciniam
608 1853 712 1918 fascini
732 1855 877 1916 crederes.
907 1853 1075 1916 oiuvenem
1088 1854 1220 1916 laborio-

63 1960 91 2010 15
109 1973 196 2018 sum:
219 1960 292 2034 puto
311 1953 392 2015 illum
413 1952 507 2033 pridie
526 1953 665 2034 incipere,
686 1959 809 2035 postero
830 1953 876 2015 dic
890 1952 983 2014 finire.
1012 1952 1109 2033 itaque
1120 1953 1219 2015 statim

106 2053 224 2116 invenit
238 2051 392 2126 auxilium3
412 2051 514 2114 nescio
529 2051 595 2132 quis
611 2052 704 2126 enim,
724 2069 814 2131 eques
829 2053 980 2115 Romanus
996 2058 1029 2113 ut
1043 2051 1158 2114 aiebant
1171 2052 1219 2113 in-

106 2152 213 2226 famis,
234 2169 288 2214 sus
309 2157 389 2212 veste
408 2157 552 2212 errantem
569 2149 761 2212 circumdedit
780 2168 814 2212 ac
828 2150 951 2213 domum
966 2151 1100 2225 abduxit,
1121 2153 1218 2228 credo,

107 2257 219 2312 uttam
235 2265 340 2328 magna
353 2248 472 2310 fortuna
487 2249 568 2310 solus
583 2255 722 2311 uteretur.
752 2255 781 2310 at
796 2267 850 2328 ego
866 2268 903 2312 ne
918 2269 982 2313 mea
998 2251 1115 2331 quidem
1130 2251 1219 2314 vesti-

108 2357 212 2411 menta
228 2346 268 2426 ,ab
288 2346 421 2409 officioso
437 2347 628 2427 recepissem,
647 2346 704 2408 nisi
719 2353 855 2409 notorem
871 2347 1027 2410 dedissem.
1057 2355 1139 2411 tanto
1154 2369 1217 2412 ma-

64 2451 94 2503 20
111 2447 155 2526 gis
178 2445 298 2526 expedit
316 2444 434 2524 inguina
453 2463 541 2525 quam
561 2444 677 2525 ingenia
695 2438 818 2508 fricare.³
846 2446 918 2508 haec
936 2447 1083 2526 Eumolpo
1106 2447 1220 2510 dicente

109 2543 263 2606 mutabam
275 2561 330 2621 ego
345 2542 582 2623 frequentissime
598 2544 723 2620 vultum,
743 2543 859 2606 iniuriis
874 2543 984 2607 scilicet
997 2544 1108 2606 inimici
1123 2544 1218 2606 nostri

110 2642 222 2716 hilaris,
238 2640 402 2703 commodis
418 2639 521 2703 tristis.
551 2648 700 2721 utcunque
713 2648 826 2714 tamen,
842 2649 981 2723 tanquam
995 2661 1059 2706 non
1073 2658 1219 2722 agnosce-

108 2757 174 2802 rem
190 2738 328 2813 fabulam,
342 2736 420 2800 tacti
435 2745 464 2799 et
477 2756 566 2802 cenae
581 2741 716 2804 ordinem
731 2739 855 2820 explicui

653 2839 674 2878 ii

194 2901 336 2983 ι1111111,
351 2909 429 2989 quod
444 2909 520 2985 licet,
536 2918 566 2973 et
579 2912 696 2974 animus
711 2930 811 2974 errore
825 2910 922 2976 lentus
938 2911 1058 2976 iniurias
1074 2911 1174 2992 diligit
1233 2908 1274 2973 93

65 3002 94 3054 ²5
355 3007 414 3068 ales
429 3007 578 3071 Phasiacis
592 3008 681 3089 petita
697 3007 812 3071 Colchis

355 3112 384 3166 et
397 3106 484 3186 pictis
501 3105 561 3169 aris
576 3115 715 3170 renovata
729 3109 834 3189 pennis

184 3265 198 3314 3
217 3263 367 3328 recepissem
390 3270 419 3313 ut
441 3279 453 3312 r
472 3277 504 3314 ec·
521 3278 538 3312 e
556 3271 670 3314 correcto
688 3264 721 3315 sit
737 3264 763 3314 Ῑ1
904 3273 1002 3331 portem
1019 3264 1092 3317 libri:
1115 3266 1218 3330 Ascylto

109 3349 198 3399 parem
215 3351 304 3420 nsorpo
322 3342 338 3385 t.
373 3326 419 3385 ‘ol
437 3327 544 3399 pstrem’
566 3335 688 3386 Pithoeus
812 3339 852 3388 ille
871 3345 930 3387 onte
950 3339 1086 3401 Eumolpus
1108 3334 1218 3386 deletum

110 3405 139 3456 in
157 3406 182 3455 L
276 3408 313 3456 1111
328 3400 390 3472 pnir
403 3407 428 3455 L
518 3410 532 3456 t
552 3413 577 3456 et
594 3405 748 3458 Gotdostns:
766 3408 801 3457 At
812 3415 859 3458 out
869 3415 896 3458 et
907 3407 967 3459 libri
1055 3414 1175 3471 tanquam
1187 3409 1218 3458 de

109 3479 209 3527 theatro
226 3477 291 3527 mibi
303 3485 427 3542 suspectu.
456 3476 527 3542 epig).
543 3479 646 3544 109,1t
738 3481 754 3528 8
772 3480 911 3544 Encolpion
925 3495 955 3544 p,
974 3479 1135 3542 Encolpnmt

112 3551 145 3597 10
159 3550 274 3599 clamoris
286 3549 310 3598 si
321 3548 581 3614 obsitnooreqniros
671 3550 813 3600 GuitonsL
905 3549 1147 3600 1acircunuenit12

112 3622 144 3669 13
158 3621 357 3670 libidinosissimi
365 3619 500 3671 Iocobsius
509 3619 556 3685 qui
566 3635 619 3670 non
630 3620 756 3672 intellexit
768 3620 954 3672 timidissimum
966 3621 1163 3672 admirationem
1174 3635 1218 3684 op-

105 3691 172 3755 poni
183 3690 309 3742 derisimsi
315 3691 538 3756 petulcastsasimoe
633 3695 667 3741 14
683 3694 811 3743 lusciniam
821 3709 910 3758 mergo
923 3701 939 3757 t,
957 3695 1073 3743 hennum
1085 3690 1219 3742 Memmia·

110 3778 160 3813 nus
250 3765 282 3812 16
295 3764 394 3813 aiebant
405 3764 508 3827 Deuca,
520 3762 661 3813 Boethius:
679 3766 760 3814 aiebat
771 3764 832 3816 libri
923 3767 953 3814 17
974 3763 1160 3814 circundeditD

113 3837 144 3883 19
164 3835 275 3883 officioso
283 3849 336 3898 pro
349 3834 470 3900 officioli5
488 3836 615 3899 caprarius
628 3834 768 3901 adscripsit
777 3835 902 3902 Scols'qer.
928 3852 965 3886 on
977 3835 1109 3887 intercidit
1118 3837 1219 3886 balnee-

112 3903 182 3955 torcl
270 3915 332 3955 noto
344 3923 397 3956 rem
409 3905 455 3956 sed
467 3905 553 3957 deleta
563 3921 652 3972 morpo
664 3908 689 3956 L
778 3911 812 3957 20
831 3907 931 3972 expedit
938 3923 974 3971 p:
992 3908 1095 3973 impedit
1106 3907 1143 3956 Lt

112 3978 143 4026 21
162 3977 255 4026 inimici
273 3985 334 4028 onte
351 3979 444 4028 iniuriis
464 3976 572 4028 delenm
590 3977 619 4027 in
630 3977 655 4027 L
744 3981 823 4028 nostri
836 3986 882 4044 pt.-
899 3981 949 4030 mei
966 3978 991 4027 L
997 3996 1007 4040 ,-
1025 3995 1072 4030 cna.
1085 3976 1218 4030 Memmio-

111 4063 160 4097 nus
249 4050 283 4098 23
302 4055 425 4114 quotuor
442 4055 525 4100 tresue
543 4048 677 4098 asteriscos
694 4047 852 4114 bobentLpt
940 4053 975 4100 24
992 4051 1080 4101 lenitus
1098 4054 1218 4114 margot.

112 4120 199 4169 mentis
214 4119 236 4169 Ῑ.
247 4117 280 4172 F.
291 4119 446 4185 Gronooius,
464 4123 543 4171 laetus
556 4119 695 4182 Graeceius,
714 4127 796 4170 tentus
808 4120 929 4171 Iteialrins
1017 4121 1081 4172 boec
1093 4117 1219 4170 sententio

112 4205 172 4240 num
182 4190 254 4241 nullo
265 4191 403 4243 interatullo
415 4189 631 4258 separatasuerit
641 4207 659 4240 o
669 4190 787 4241 uersibus
797 4192 849 4243 illis
861 4191 939 4243 uolde
951 4191 1040 4242 (indito
1114 4193 1147 4239 25
1161 4203 1218 4238 ecr-

112 4277 168 4314 men
178 4262 225 4314 boo
242 4264 426 4331 transscripturi
442 4263 472 4316 in
481 4261 803 4342 florilegiumlParisinnm
901 4266 934 4314 26
948 4263 993 4314 boc
1009 4263 1063 4314 loco
1080 4259 1148 4310 bunc
1159 4273 1218 4310 1111·-
