3022 4956
310 441 352 502 96
782 436 938 490 PETRONll

311 591 413 671 collegi
434 591 592 653 sarcinulas
609 593 766 670 locumque
787 600 932 653 secretum
951 597 980 651 et
997 592 1165 671 proximum
1185 592 1263 654 litori
1283 600 1402 656 maestis
1417 609 1450 660 to

311 689 447 752 conduxi.
477 689 517 750 ibi
535 689 632 751 triduo
653 689 784 751 inclusus
803 689 944 752 redeunte
963 689 994 750 in
1013 691 1143 752 animum
1160 691 1315 753 solitudine
1328 700 1405 770 atque
1500 739 1501 744 1

311 796 484 869 contemptu
504 788 690 850 verberabam
711 807 831 867 aegrum
850 787 1014 869 planctibus
1034 796 1136 870 pectus
1153 785 1165 872 ll
1181 798 1210 850 et
1224 792 1299 850 inter
1313 790 1436 851 total-t

261 969 264 975 Ι
308 888 442 949 tissimus
454 885 579 966 gemitus
590 885 758 966 frequenter
769 888 853 948 ctiam
866 886 1098 967 proclamabam:
1109 879 1191 966 ‘ergo
1204 907 1253 950 me
1264 907 1324 951 non
1332 889 1406 950 ruina

310 995 386 1048 terra
406 987 503 1065 potuit
516 982 654 1046 haurire?
673 1003 736 1046 non
751 985 856 1048 iratum
872 985 959 1046 etiam
975 985 1181 1047 innocentibus
1197 985 1299 1048 mare?
1329 987 1406 1065 effugi
1419 997 1431 1044 5

311 1084 464 1157 iudicium,
480 1085 605 1146 harenae
620 1084 765 1165 imposui,
780 1082 927 1162 hospitem
944 1083 1051 1155 occidi,
1067 1091 1101 1145 ut
1115 1084 1191 1146 inter
1206 1085 1344 1146 audaciae
1357 1103 1407 1144 no-

310 1183 390 1245 mina
404 1181 570 1256 mendicus,
591 1183 670 1258 exul,
691 1184 721 1244 in
741 1183 908 1244 deversorio
925 1181 1050 1243 Graecae
1068 1183 1149 1244 urbis
1169 1183 1294 1244 iacerem
1315 1185 1406 1246 deser-

310 1279 382 1342 tus?
412 1288 441 1341 et
460 1280 525 1359 quis
545 1281 622 1343 bane
641 1281 712 1342 mibi
735 1280 922 1342 solitudinem
942 1279 1107 1360 imposuit?
1142 1281 1314 1344 adolescens
1336 1282 1408 1344 omni

310 1379 429 1441 libidine
448 1379 583 1457 impurus
603 1385 632 1438 et
651 1397 703 1439 sua
724 1398 841 1460 quoque
860 1378 1048 1440 confessione
1068 1379 1173 1459 dignus
1194 1381 1294 1456 exilio,
1313 1390 1407 1460 stupro

309 1477 390 1552 liber,
402 1485 506 1557 stupro
518 1476 671 1554 ingennus,
684 1478 767 1540 cuius
779 1477 848 1540 anni
859 1478 894 1538 ad
906 1484 1045 1539 tesseram
1058 1479 1236 1552 vaenierunt
1250 1498 1338 1560 quem
1348 1488 1406 1542 tan-
1423 1487 1445 1537 lt

312 1594 398 1656 quam
419 1574 545 1656 puellam
566 1575 705 1637 conduxit
724 1578 810 1640 etiam
831 1577 881 1656 qui
900 1576 993 1636 virum
1013 1575 1134 1654 putavit.
1169 1577 1239 1656 quid
1259 1577 1305 1639 ille
1325 1575 1408 1639 alter?

312 1675 361 1756 qui
379 1674 535 1754 [tanquam]
554 1673 601 1733 die
615 1681 701 1752 togae
716 1675 805 1736 virilis
821 1675 926 1737 stolam
943 1674 1083 1755 sumpsit;
1104 1676 1162 1755 qui,
1178 1695 1216 1737 ne
1231 1676 1275 1737 vir
1290 1685 1378 1748 esset,
1396 1695 1408 1736 a

312 1781 404 1836 matre
419 1790 576 1854 persuasus
593 1780 646 1847 est,
663 1773 713 1853 qui
728 1792 805 1854 opus
820 1772 960 1835 muliebre
975 1773 1004 1834 in
1021 1774 1167 1852 ergastulo
1180 1774 1256 1848 lecit
1272 1775 1321 1854 qui
1332 1781 1406 1856 post-

311 1971 394 2032 citiae
408 1987 517 2031 nomen
529 1977 567 2040 et,
579 1971 656 2049 proh
667 1969 773 2049 pudor,
786 1977 925 2049 tanquam
937 1970 1041 2031 mulier
1053 1970 1207 2032 secutuleia
1220 1973 1308 2034 unius
1321 1971 1408 2033 noctis
1424 1980 1446 2028 15

311 2076 389 2130 tactu
405 2069 504 2129 omnia
519 2069 656 2131 vendidit.
687 2071 782 2131 iacent
795 2087 875 2130 nune
889 2077 1033 2131 amatores
1050 2069 1169 2148 obligati
1184 2071 1323 2132 noctibus
1339 2071 1411 2142 totis,

312 2264 363 2324 sed
384 2280 445 2322 non
465 2263 595 2342 impune.
625 2285 692 2327 nam
714 2274 763 2327 aut
782 2266 826 2326 vir
845 2284 898 2345 ego
918 2266 1048 2346 liberque
1068 2283 1128 2326 non
1148 2286 1230 2342 sum,
1258 2275 1308 2330 aut
1329 2267 1410 2330 nonio

314 2361 456 2442 sanguine
472 2364 631 2441 parentabo
646 2364 769 2426 iniuriae
784 2354 882 2425 meae.³

256 2459 296 2522 82
396 2461 469 2522 baec
482 2459 598 2522 locutus
614 2462 707 2543 gladio
723 2464 798 2526 latus
813 2463 923 2541 cingor,
940 2470 968 2525 et
981 2482 1019 2525 ne
1033 2464 1188 2526 infirmitas
1204 2466 1335 2528 militiam
1351 2483 1410 2546 per·
1424 2474 1448 2523 tt

312 2735 353 2768 me
381 2720 455 2769 etism
475 2720 594 2768 diuersior
613 2717 644 2771 P.
682 2720 815 2769 diuersorio
835 2736 920 2770 claues
1041 2714 1087 2774 ‘ui
1106 2728 1149 2770 aut
1167 2723 1281 2771 scolenus
1299 2729 1325 2771 et
1337 2719 1412 2786 paulo

308 2797 370 2853 post
387 2783 508 2840 inuenire’
531 2789 652 2840 Pithoeus
1377 2791 1382 2796 ”

386 2864 398 2909 1
420 2861 475 2909 colli
496 2859 519 2910 U
623 2863 765 2911 sarcimules
784 2860 810 2910 P
913 2862 987 2910 littori
1006 2860 1057 2911 Aa
1176 2869 1284 2912 maestus
1303 2872 1352 2912 aut
1367 2876 1411 2911 me·

312 2937 363 2979 stus
383 2931 486 2994 scripti:
504 2939 585 2982 metus
599 2934 625 2983 P
740 2934 891 2982 beondussi
910 2931 939 2981 F
1054 2934 1149 2982 inclusa
1167 2931 1348 2986 AODFGPS.
1381 2934 1412 2981 in·

313 3003 381 3050 cluso
396 3017 466 3066 susp.
485 3003 613 3054 Antonius
724 3005 826 3053 rodente
845 3006 905 3053 milri
923 3005 1034 3053 animum
1052 3003 1187 3054 Iacobsius
1304 3005 1412 3054 sollicitu-

312 3074 368 3121 dine
388 3071 413 3120 L
521 3076 536 3122 3
557 3082 685 3124 contemtu
704 3073 771 3137 DF,
795 3083 965 3140 contemptum
983 3076 1011 3124 E
1116 3074 1247 3140 agrumO
1351 3077 1412 3139 plen-

313 3145 376 3192 tibus
395 3143 421 3192 P
537 3153 573 3195 tot
590 3145 766 3197 reuocandum
788 3145 816 3196 iu
834 3150 888 3198 aad
909 3162 961 3196 esse
979 3147 1097 3211 suspicor
1214 3149 1229 3196 5
1249 3162 1301 3196 non
1318 3143 1412 3206 iratum]

312 3231 373 3264 num
396 3231 485 3282 usurpo
504 3222 515 3264 t
639 3233 707 3267 mere
731 3219 823 3281 aufugi.
861 3219 983 3267 Indicium
1000 3221 1110 3269 herenae
1132 3227 1149 3268 t.
1179 3218 1346 3283 fortassean
1364 3218 1413 3265 ideo

313 3289 389 3352 effugi
516 3291 530 3337 6
550 3305 640 3338 arenae
660 3297 683 3338 et
700 3288 729 3338 iu
746 3289 862 3354 murqiue
882 3307 996 3360 μονομαχ
1015 3291 1040 3338 L
1165 3291 1229 3340 inter
1248 3281 1285 3339 to't
1302 3289 1413 3337 sedeciae

312 3359 446 3412 Iucobsius
465 3368 551 3428 stepo
570 3360 722 3411 coniecimus
840 3365 853 3408 l
874 3362 1008 3410 diuersorio
1027 3360 1088 3410 libri
1207 3362 1222 3409 8
1242 3360 1414 3410 solicitudinem

312 3432 358 3484 sed
370 3434 399 3483 iu
410 3433 527 3500 conspicue
540 3433 697 3483 solitudinem
710 3439 720 3481 t
810 3433 824 3480 9
839 3433 880 3480 des
894 3440 953 3481 oute
966 3433 1123 3482 confessione
1136 3432 1276 3482 eutiuctum
1287 3431 1315 3481 ias
1324 3429 1350 3479 L

312 3507 387 3556 exitio
402 3522 424 3570 p
516 3508 548 3555 10
568 3506 699 3554 uenierunt
711 3502 831 3554 Pithoeus
850 3511 880 3553 ut
896 3520 985 3568 usurpo
999 3511 1009 3552 t
1026 3511 1146 3553 testatur:
1164 3510 1287 3552 uenerunt
1303 3501 1363 3552 libai
1374 3497 1414 3549 sed

313 3577 363 3625 XII
382 3578 512 3625 uenierunt
530 3592 619 3642 usurpo
637 3574 662 3625 L
771 3578 803 3623 12
823 3575 860 3624 sic
885 3576 923 3624 die
943 3575 1092 3638 transposui
1110 3582 1135 3623 et
1151 3582 1271 3638 tanquam
1289 3581 1318 3622 ut
1335 3585 1414 3624 errore

314 3682 449 3745 repetitum
466 3681 571 3747 seclusi:
590 3682 651 3730 alter
670 3682 707 3729 die
726 3680 769 3742 qui
787 3687 907 3742 tanquam
925 3686 998 3744 togae
1018 3677 1079 3729 iibri
1096 3677 1149 3729 nisi
1168 3677 1239 3743 quod
1256 3682 1332 3730 altero
1352 3677 1414 3727 tba·

314 3751 361 3815 bet,
380 3754 441 3802 alter
460 3751 475 3786 *
495 3755 533 3802 die
547 3769 577 3815 p.
614 3753 657 3815 qui
680 3758 799 3813 tanquam
825 3753 863 3801 die
888 3759 962 3816 togae
980 3766 1070 3816 scarpo
1088 3749 1113 3800 L
1132 3765 1328 3801 cosrunemoraus
1345 3745 1416 3799 simu

316 3822 368 3875 Oto.
387 3822 503 3887 Pttttpp.
522 3822 561 3872 ΙΙ
578 3825 619 3885 18,
639 3825 682 3874 44.
720 3823 781 3871 alter
805 3835 820 3869 o
844 3823 876 3871 dii
895 3823 1075 3886 qui'tanquum
1093 3821 1201 3886 Lipsius
1220 3830 1244 3872 et
1261 3832 1345 3886 togam
1362 3819 1414 3869 uiri·

313 3895 363 3944 lem
389 3893 518 3958 corriperes
536 3894 678 3956 Antonius,
703 3894 764 3942 alter
789 3907 804 3941 ο
828 3895 861 3942 dii
879 3895 937 3957 quid
956 3895 1059 3957 inquam
1077 3895 1119 3956 qui
1137 3895 1176 3942 die
1194 3901 1269 3958 togae
1291 3891 1413 3951 Heinsius,

315 3966 376 4014 slter
399 3967 441 4028 qui
464 3967 519 4028 ipso
545 3967 647 4028 inquam
671 3973 745 4028 togae
770 3964 845 4014 uirilis
871 3967 909 4015 die
928 3965 1030 4016 Dosse.
1067 3980 1113 4014 uec
1138 3980 1199 4014 suae
1217 3963 1364 4016 incredibile
1382 3967 1415 4010 est

222 4093 224 4098 ¹
315 4035 375 4086 olim
389 4035 511 4100 pleniora
528 4034 614 4101 fuisse
632 4035 704 4086 uelut
720 4034 757 4084 sic
775 4034 854 4085 alter?
877 4053 939 4100 puer
957 4052 1065 4100 nequem
1084 4037 1125 4099 qui
1144 4036 1182 4086 die
1310 4039 1341 4085 14
1358 4048 1415 4083 con·

315 4108 423 4158 turbauit
442 4108 525 4156 omnia
544 4106 717 4157 Bourdelotua

317 4183 349 4230 lli
367 4186 441 4244 paeto
455 4177 597 4242 Postumus,
616 4179 696 4228 fructu
709 4175 835 4242 Sealiqeu
854 4185 935 4228 tractu
947 4178 1064 4229 Nodotus
1148 4179 1236 4243 potius
1249 4179 1348 4244 adligati

318 4255 348 4302 17
369 4249 549 4302 solicitudinem
567 4247 613 4300 sed
629 4251 658 4300 iu
674 4247 791 4314 scorpiace
809 4250 964 4302 solitudinem
983 4258 994 4300 t
