3008 4962
1068 463 1179 508 mill!

73 607 163 666 centia
178 603 272 666 uerba
282 599 412 666 Petronii
423 598 639 662 insolentissime
652 609 790 672 armaret,
813 597 899 662 murel
912 610 995 679 atque
1005 603 1110 662 iterum
1120 617 1180 662 nou

25 751 32 770 .
72 711 235 791 r'useliciter,
253 710 607 789 mntiesprorsusinsane.
630 696 1197 789 Buromunionaereeensiorrir‘possim
1281 697 1288 712 “

73 811 200 900 refictae'
217 822 304 899 quasi
318 818 564 898 compendiariam
576 814 729 877 Conrodus
740 815 897 880 sennua
908 815 1049 878 Antonius
1063 819 1179 889 incenit,

75 929 139 989 dum
153 928 300 988 hebraicis
321 926 422 987 studiis
442 924 621 986 subtractum
644 923 754 1004 aliquid
775 928 911 1004 temporis
932 927 1058 1005 impertit
1078 923 1178 986 Petro-

74 1040 134 1109 uio,
157 1055 243 1116 quem
263 1036 326 1097 ideo
350 1035 500 1114 aliquoties
521 1036 746 1094 commemoraui
766 1033 842 1112 quod
864 1031 1014 1112 cuemplar
1032 1034 1093 1093 eius
1112 1032 1178 1093 uul-

75 1156 168 1223 qatum
187 1144 302 1226 Lipsiae
328 1161 406 1204 anno
426 1139 504 1202 1701
525 1152 551 1202 et
570 1159 588 1200 a
608 1139 763 1220 Br’pontina
788 1144 919 1201 societate
939 1144 1074 1202 iteratam
1102 1158 1179 1202 anno

76 1252 154 1313 1790
176 1257 209 1314 in
231 1253 367 1314 monibus
389 1254 517 1312 omnium
540 1260 684 1312 uersatur.
714 1267 766 1334 uec
784 1260 883 1329 postea
905 1252 1055 1328 quisquam
1074 1252 1181 1311 satiras

76 1363 157 1424 edidit
174 1365 310 1442 propriis
331 1360 445 1421 viribus
466 1369 492 1420 et
512 1361 670 1438 inerpertis
687 1359 843 1438 praesidiis
864 1361 1029 1429 instructus,
1045 1357 1182 1420 ludebant

77 1481 165 1530 ouum
192 1471 227 1531 de
255 1473 334 1530 corio
355 1466 485 1529 Petronii
502 1470 596 1546 saqoti
614 1471 709 1545 toqoti.
750 1469 872 1528 raritate
897 1469 1018 1545 insequis
1043 1477 1082 1527 est
1108 1466 1181 1528 liber

77 1596 130 1638 non
156 1577 308 1646 absolutus
332 1595 413 1656 quem
441 1595 517 1637 anuo
538 1572 619 1634 1798
645 1576 678 1636 de
704 1575 734 1636 la
759 1575 840 1636 Parte
866 1575 906 1636 du
933 1572 1011 1635 Theil
1034 1578 1181 1654 scripsisse

77 1685 180 1762 fertur,
212 1688 266 1766 qui
294 1703 331 1746 eu
358 1684 526 1746 bibliotheca
550 1683 689 1763 Stephani
712 1681 899 1753 erotremeri
921 1686 952 1744 in
978 1682 1181 1746 Monacensem

78 1799 181 1873 reqiont
202 1797 344 1874 miqrauit
365 1804 475 1873 emptus
497 1793 532 1856 ab
556 1791 683 1852 Halmio.
726 1795 827 1852 insunt
847 1795 879 1850 iu
900 1809 932 1851 eo
951 1781 1129 1871 ‘fraqmmrta
1149 1795 1182 1856 in

79 1913 197 1982 quatuor
215 1913 320 1984 partes
342 1903 488 1972 distincto,
516 1900 707 1962 authenticam
730 1902 865 1978 aprime
888 1899 995 1960 editore
1017 1901 1092 1978 typis
1118 1897 1181 1958 Me-

80 2011 291 2074 diolonmsilrus
309 2008 506 2090 prolatam*),
528 2012 684 2089 peretrinatio
707 2026 793 2088 quam
815 2006 1006 2087 suppeditavit
1026 2005 1057 2068 P.
1074 2004 1184 2068 Pithoei

82 2120 173 2192 roden,
188 2120 310 2183 dubiam
324 2137 363 2180 eu
378 2119 472 2179 codice
486 2115 668 2196 Trcquriauo
683 2127 859 2196 eucerptam,
874 2118 1083 2196 supposititiam
1094 2133 1181 2196 mam

81 2225 210 2306 lielqradi
228 2238 377 2306 repertam
395 2225 426 2286 F.
443 2224 583 2288 Nodotius
605 2225 758 2286 obtrudere
779 2243 868 2287 ausus
888 2215 939 2286 eet'
958 2235 984 2285 et
1003 2225 1180 2287 dissertatio-

82 2353 126 2396 ms
140 2335 270 2398 Gallicae
285 2337 318 2397 de
332 2338 448 2397 nomine
461 2337 568 2415 fratris
582 2343 608 2394 et
620 2332 764 2413 phratriie
778 2331 989 2413 Neapolitanis,
1010 2335 1043 2396 de
1057 2353 1181 2414 qymna-

82 2446 125 2503 siis
137 2443 349 2525 Neapolitanis,
371 2444 404 2505 de
424 2445 533 2506 caussis
552 2451 706 2522 corruptae
725 2441 900 2522 eloquentiae
914 2441 1130 2516 Romanorum,
1148 2444 1181 2504 de

79 2555 202 2628 picturae
222 2564 287 2614 arte
306 2556 458 2614 immutata
480 2551 515 2613 ab
538 2549 687 2630 Aeqqptiis.
718 2559 869 2629 pararant
887 2559 981 2610 autem
999 2568 1107 2611 uooam
1131 2569 1182 2610 re·

84 2665 234 2724 smirnam
251 2672 371 2742 praeter
395 2660 469 2722 alios
487 2658 656 2722 Friderious
676 2655 825 2718 lacobsius
846 2674 900 2718 suo
919 2659 1033 2736 inqenio
1048 2659 1141 2737 fretus
1156 2669 1182 2718 et

83 2772 127 2846 qui
145 2789 209 2832 eum
229 2772 499 2849 manuscriptorum
521 2767 668 2829 librorum
689 2776 749 2828 tum
769 2762 895 2826 locobsii
914 2769 1012 2845 copiae
1031 2769 1184 2846 acquisivit

85 2875 174 2940 0Tl0
187 2875 304 2940 ΙΔΗΝΙ
308 2876 360 2938 VS.
387 2877 433 2938 hio
447 2879 497 2938 uir
510 2876 562 2936 ubi
575 2893 671 2936 meum
681 2874 785 2936 edendi
793 2872 922 2936 Petronii
931 2877 1091 2936 institutum
1103 2893 1182 2937 com-

81 2988 156 3061 perit,
171 3005 287 3050 mmma
300 2985 355 3048 illa
370 2984 566 3048 benevolentia
580 3002 638 3064 quo
652 3001 697 3044 me
711 3001 823 3062 semper
835 2981 1060 3062 ampleuobatur
1070 2987 1182 3045 instru-

85 3103 200 3158 mutan
220 3097 339 3158 &ulma
357 3093 505 3158 sedulitate
521 3092 558 3153 ab
573 3110 602 3154 se
617 3102 643 3154 et
658 3094 759 3152 amicis
773 3093 834 3152 suis
848 3090 995 3152 seiherum
1009 3092 1081 3152 mihi
1093 3102 1183 3156 totum

86 3201 206 3274 tradidit,
229 3203 350 3265 consilio
366 3213 392 3264 et
405 3219 438 3262 re
453 3202 523 3264 duas
539 3217 677 3280 compono
693 3198 769 3261 hunc
785 3197 895 3260 librum
908 3217 953 3260 me
967 3202 1049 3270 iuuit,
1065 3218 1117 3262 mc
1132 3201 1179 3262 de-

85 3307 205 3382 futuram
227 3314 364 3392 promisit
384 3327 502 3390 operam
522 3327 607 3373 mam
623 3309 782 3388 posteriori
798 3306 943 3368 uolumini
961 3325 1015 3386 quo
1037 3326 1182 3374 commen—

87 3419 166 3482 tarios
185 3421 347 3500 iudicesque
368 3417 628 3498 comprehensurus
647 3433 719 3482 mm.
750 3418 845 3494 itaque
865 3416 1039 3494 smpefactus
1050 3417 1181 3495 profecto

86 3525 213 3592 mediocri
229 3547 295 3592 meo
312 3527 548 3608 [adulterarum
565 3529 681 3588 intueor
700 3523 872 3604 quantulum
886 3523 918 3584 id
932 3525 969 3582 sit
986 3523 1061 3601 quod
1077 3522 1183 3586 multos

88 3647 169 3698 aanor
186 3647 318 3700 uerutus
339 3639 371 3697 iu
389 3635 441 3697 hoc
461 3638 602 3715 scriptore
617 3631 727 3695 contuli
746 3632 784 3692 ad
798 3631 1039 3706 emendationem,
1059 3649 1129 3711 roqo
1145 3651 1183 3694 eu

145 3843 165 3910 *)
181 3843 257 3900 ‘eane’
269 3854 372 3918 partem
381 3843 465 3902 ‘uriae
476 3853 672 3919 repraesentaret
682 3851 779 3900 uetusti
789 3847 840 3898 dno
852 3849 963 3916 optimae
974 3851 1084 3902 rtolaein
1094 3863 1182 3917 perne·

86 3923 142 3978 lebn'
151 3929 285 3986 Grumum
296 3940 445 3986 nostrarum
456 3935 604 3988 bibliotheca
612 3936 742 3986 asservati
750 3929 857 3984 codiees'
869 3933 899 3984 id
906 3937 946 3984 est
954 3933 1007 3984 ΡΗ.
1017 3949 1108 3986 rerum
1117 3937 1183 3986 tao-

88 4016 131 4063 etri
145 4019 169 4066 in
186 4021 257 4072 binio
275 4025 359 4090 operis
372 4015 536 4090 ‘fragmento
552 4019 586 4072 od
602 4019 712 4071 duorum
729 4023 839 4086 optimae
855 4024 931 4069 uotae
947 4021 1183 4086 manuscriptorum

89 4097 189 4153 rodoam
205 4122 250 4156 nec
266 4124 315 4158 uon
333 4109 469 4174 ipsiusmet
489 4104 649 4171 Traguriarri
663 4103 724 4155 libri
732 4103 816 4169 fidem
833 4099 967 4154 recensita*
989 4103 1118 4167 dictentur,
1137 4104 1182 4154 Pi-

18 4197 19 4200 ’
89 4181 198 4240 ihm
222 4196 305 4243 uerae
332 4197 357 4242 et
376 4190 537 4244 Nodotianae
556 4189 668 4242 simih'as
688 4205 764 4254 quam
784 4188 887 4240 illoc-run
907 4189 1030 4240 librorum
1050 4187 1184 4256 exemplar

91 4271 175 4322 mitit.
