<?xml version="1.0" encoding="UTF-8"?>
<!DOCTYPE html PUBLIC "-//W3C//DTD XHTML 1.0 Transitional//EN"
    "http://www.w3.org/TR/xhtml1/DTD/xhtml1-transitional.dtd">
<html xmlns="http://www.w3.org/1999/xhtml" xml:lang="en" lang="en">
 <head>
  <title>
</title>
<meta http-equiv="Content-Type" content="text/html;charset=utf-8" />
  <meta name='ocr-system' content='tesseract 3.04.00' />
  <meta name='ocr-capabilities' content='ocr_page ocr_carea ocr_par ocr_line ocrx_word'/>
</head>
<body>
  <div class='ocr_page' id='page_1' title='image "./petroniiarbitri00buecgoog_0175.png"; bbox 0 0 3022 4956; ppageno 0'>
   <div class='ocr_carea' id='block_1_1' title="bbox 285 313 912 435">
    <p class='ocr_par' dir='ltr' id='par_1_1' title="bbox 285 313 912 435">
     <span class='ocr_line' id='line_1_1' title="bbox 285 313 912 435; baseline -0.032 0"><span class='ocrx_word' id='word_1_1' title='bbox 285 372 347 435; x_wconf 84' lang='lat' dir='ltr'>mo</span> <span class='ocrx_word' id='word_1_2' title='bbox 756 313 912 418; x_wconf 74' lang='lat' dir='ltr'>ananim</span> 
     </span>
    </p>
   </div>
   <div class='ocr_carea' id='block_1_2' title="bbox 280 519 1435 1494">
    <p class='ocr_par' dir='ltr' id='par_1_2' title="bbox 280 519 1435 1494">
     <span class='ocr_line' id='line_1_2' title="bbox 280 519 1430 602; baseline -0.008 -13"><span class='ocrx_word' id='word_1_3' title='bbox 280 528 355 589; x_wconf 83' lang='lat' dir='ltr'>fecto</span> <span class='ocrx_word' id='word_1_4' title='bbox 370 525 456 588; x_wconf 87' lang='lat' dir='ltr'>tellus</span> <span class='ocrx_word' id='word_1_5' title='bbox 475 523 561 598; x_wconf 79' lang='lat' dir='ltr'>nitet,</span> <span class='ocrx_word' id='word_1_6' title='bbox 582 523 653 584; x_wconf 94' lang='lat' dir='ltr'>dum</span> <span class='ocrx_word' id='word_1_7' title='bbox 673 521 815 602; x_wconf 86' lang='lat' dir='ltr'>loqueris,</span> <span class='ocrx_word' id='word_1_8' title='bbox 833 521 904 583; x_wconf 85' lang='lat' dir='ltr'>levis</span> <span class='ocrx_word' id='word_1_9' title='bbox 923 519 1025 600; x_wconf 86' lang='lat' dir='ltr'>pruina</span> <span class='ocrx_word' id='word_1_10' title='bbox 1041 520 1186 582; x_wconf 87' lang='lat' dir='ltr'>dilabitur.</span> <span class='ocrx_word' id='word_1_11' title='bbox 1215 521 1346 584; x_wconf 90' lang='lat' dir='ltr'>similiter</span> <span class='ocrx_word' id='word_1_12' title='bbox 1362 523 1430 584; x_wconf 79' lang='lat' dir='ltr'>inl</span> 
     </span>
     <span class='ocr_line' id='line_1_3' title="bbox 281 620 1395 706; baseline -0.004 -19"><span class='ocrx_word' id='word_1_13' title='bbox 281 625 448 706; x_wconf 75' lang='lat' dir='ltr'><strong>pectoribus</strong></span> <span class='ocrx_word' id='word_1_14' title='bbox 463 625 506 685; x_wconf 88' lang='lat' dir='ltr'>im</span> <span class='ocrx_word' id='word_1_15' title='bbox 521 623 663 685; x_wconf 86' lang='lat' dir='ltr'>considit:</span> <span class='ocrx_word' id='word_1_16' title='bbox 677 622 755 684; x_wconf 82' lang='lat' dir='ltr'>feras</span> <span class='ocrx_word' id='word_1_17' title='bbox 768 621 885 702; x_wconf 90' lang='lat' dir='ltr'>quidem</span> <span class='ocrx_word' id='word_1_18' title='bbox 898 628 1012 681; x_wconf 88' lang='lat' dir='ltr'>mentes</span> <span class='ocrx_word' id='word_1_19' title='bbox 1025 620 1148 692; x_wconf 79' lang='lat' dir='ltr'>obsidet,</span> <span class='ocrx_word' id='word_1_20' title='bbox 1165 621 1292 683; x_wconf 86' lang='lat' dir='ltr'>eruditas</span> <span class='ocrx_word' id='word_1_21' title='bbox 1304 640 1395 702; x_wconf 85' lang='lat' dir='ltr'>prae-</span> 
     </span>
     <span class='ocr_line' id='line_1_4' title="bbox 281 709 1394 801; baseline -0.005 -15"><span class='ocrx_word' id='word_1_22' title='bbox 281 715 451 788; x_wconf 65' lang='lat' dir='ltr'>terlabitur?</span> <span class='ocrx_word' id='word_1_23' title='bbox 477 713 521 786; x_wconf 85' lang='lat' dir='ltr'>‘ut</span> <span class='ocrx_word' id='word_1_24' title='bbox 536 713 621 784; x_wconf 87' lang='lat' dir='ltr'>scias&#39;</span> <span class='ocrx_word' id='word_1_25' title='bbox 633 720 727 801; x_wconf 87' lang='lat' dir='ltr'>inquit</span> <span class='ocrx_word' id='word_1_26' title='bbox 736 719 901 799; x_wconf 86' lang='lat' dir='ltr'><strong>Eumolpus</strong></span> <span class='ocrx_word' id='word_1_27' title='bbox 913 709 1028 780; x_wconf 88' lang='lat' dir='ltr'>‘verum</span> <span class='ocrx_word' id='word_1_28' title='bbox 1041 739 1115 794; x_wconf 84' lang='lat' dir='ltr'>esse,</span> <span class='ocrx_word' id='word_1_29' title='bbox 1132 722 1212 801; x_wconf 90' lang='lat' dir='ltr'>quod</span> <span class='ocrx_word' id='word_1_30' title='bbox 1226 721 1308 792; x_wconf 87' lang='lat' dir='ltr'>dicis,</span> <span class='ocrx_word' id='word_1_31' title='bbox 1325 739 1394 780; x_wconf 90' lang='lat' dir='ltr'>ecce</span> 
     </span>
     <span class='ocr_line' id='line_1_5' title="bbox 282 818 1394 900; baseline -0.004 -16"><span class='ocrx_word' id='word_1_32' title='bbox 282 823 369 885; x_wconf 85' lang='lat' dir='ltr'>etiam</span> <span class='ocrx_word' id='word_1_33' title='bbox 386 822 486 884; x_wconf 88' lang='lat' dir='ltr'>osculo</span> <span class='ocrx_word' id='word_1_34' title='bbox 502 822 576 884; x_wconf 86' lang='lat' dir='ltr'>iram</span> <span class='ocrx_word' id='word_1_35' title='bbox 592 821 672 882; x_wconf 89' lang='lat' dir='ltr'>finio.</span> <span class='ocrx_word' id='word_1_36' title='bbox 698 820 805 899; x_wconf 82' lang='lat' dir='ltr'>itaque,</span> <span class='ocrx_word' id='word_1_37' title='bbox 822 818 903 899; x_wconf 91' lang='lat' dir='ltr'>quod</span> <span class='ocrx_word' id='word_1_38' title='bbox 917 818 991 879; x_wconf 91' lang='lat' dir='ltr'>bene</span> <span class='ocrx_word' id='word_1_39' title='bbox 1006 821 1130 894; x_wconf 86' lang='lat' dir='ltr'>eveniat,</span> <span class='ocrx_word' id='word_1_40' title='bbox 1150 820 1284 900; x_wconf 84' lang='lat' dir='ltr'>expedito</span> <span class='ocrx_word' id='word_1_41' title='bbox 1300 820 1394 880; x_wconf 84' lang='lat' dir='ltr'>sarci-</span> 
     </span>
     <span class='ocr_line' id='line_1_6' title="bbox 281 910 1424 1002; baseline -0.006 -19"><span class='ocrx_word' id='word_1_42' title='bbox 281 922 365 983; x_wconf 86' lang='lat' dir='ltr'>nulas</span> <span class='ocrx_word' id='word_1_43' title='bbox 380 928 409 982; x_wconf 92' lang='lat' dir='ltr'>et</span> <span class='ocrx_word' id='word_1_44' title='bbox 421 920 468 984; x_wconf 84' lang='lat' dir='ltr'>vel</span> <span class='ocrx_word' id='word_1_45' title='bbox 483 919 640 1002; x_wconf 86' lang='lat' dir='ltr'>sequimini</span> <span class='ocrx_word' id='word_1_46' title='bbox 655 938 703 980; x_wconf 87' lang='lat' dir='ltr'>mo</span> <span class='ocrx_word' id='word_1_47' title='bbox 717 918 770 992; x_wconf 81' lang='lat' dir='ltr'>vel,</span> <span class='ocrx_word' id='word_1_48' title='bbox 786 919 811 979; x_wconf 94' lang='lat' dir='ltr'>si</span> <span class='ocrx_word' id='word_1_49' title='bbox 827 916 977 990; x_wconf 85' lang='lat' dir='ltr'>mavultis,</span> <span class='ocrx_word' id='word_1_50' title='bbox 994 910 1104 980; x_wconf 85' lang='lat' dir='ltr'>ducite‘</span> <span class='ocrx_word' id='word_1_51' title='bbox 1137 921 1232 982; x_wconf 86' lang='lat' dir='ltr'>adhuc</span> <span class='ocrx_word' id='word_1_52' title='bbox 1247 917 1392 998; x_wconf 85' lang='lat' dir='ltr'>loqueba·</span> <span class='ocrx_word' id='word_1_53' title='bbox 1410 929 1424 976; x_wconf 85' lang='lat'>5</span> 
     </span>
     <span class='ocr_line' id='line_1_7' title="bbox 281 1016 1394 1099; baseline -0.004 -17"><span class='ocrx_word' id='word_1_54' title='bbox 281 1029 343 1092; x_wconf 88' lang='lat' dir='ltr'>tur,</span> <span class='ocrx_word' id='word_1_55' title='bbox 368 1039 434 1082; x_wconf 93' lang='lat' dir='ltr'>oum</span> <span class='ocrx_word' id='word_1_56' title='bbox 451 1019 564 1099; x_wconf 84' lang='lat' dir='ltr'>crepuit</span> <span class='ocrx_word' id='word_1_57' title='bbox 578 1020 688 1081; x_wconf 91' lang='lat' dir='ltr'>ostium</span> <span class='ocrx_word' id='word_1_58' title='bbox 703 1016 878 1098; x_wconf 89' lang='lat' dir='ltr'>impulsum,</span> <span class='ocrx_word' id='word_1_59' title='bbox 895 1016 1032 1096; x_wconf 79' lang='lat' dir='ltr'>stetitque</span> <span class='ocrx_word' id='word_1_60' title='bbox 1047 1016 1077 1076; x_wconf 95' lang='lat' dir='ltr'>in</span> <span class='ocrx_word' id='word_1_61' title='bbox 1092 1017 1190 1079; x_wconf 90' lang='lat' dir='ltr'>limine</span> <span class='ocrx_word' id='word_1_62' title='bbox 1205 1017 1303 1079; x_wconf 84' lang='lat' dir='ltr'>barbis</span> <span class='ocrx_word' id='word_1_63' title='bbox 1319 1017 1394 1078; x_wconf 90' lang='lat' dir='ltr'>hor-</span> 
     </span>
     <span class='ocr_line' id='line_1_8' title="bbox 281 1105 1394 1196; baseline -0.006 -14"><span class='ocrx_word' id='word_1_64' title='bbox 281 1119 413 1182; x_wconf 85' lang='lat' dir='ltr'>rentibus</span> <span class='ocrx_word' id='word_1_65' title='bbox 429 1125 516 1180; x_wconf 85' lang='lat' dir='ltr'>neuts</span> <span class='ocrx_word' id='word_1_66' title='bbox 536 1105 731 1178; x_wconf 85' lang='lat' dir='ltr'>et‘moraris’</span> <span class='ocrx_word' id='word_1_67' title='bbox 751 1115 845 1195; x_wconf 90' lang='lat' dir='ltr'>inquit</span> <span class='ocrx_word' id='word_1_68' title='bbox 860 1107 1033 1194; x_wconf 82' lang='lat' dir='ltr'>‘Eumolpe‚</span> <span class='ocrx_word' id='word_1_69' title='bbox 1053 1123 1190 1195; x_wconf 84' lang='lat' dir='ltr'>tanquam</span> <span class='ocrx_word' id='word_1_70' title='bbox 1210 1115 1394 1196; x_wconf 86' lang='lat' dir='ltr'>propudium</span> 
     </span>
     <span class='ocr_line' id='line_1_9' title="bbox 280 1207 1394 1296; baseline -0.004 -18"><span class='ocrx_word' id='word_1_71' title='bbox 280 1207 420 1296; x_wconf 67' lang='lat' dir='ltr'>ignores?</span> <span class='ocrx_word' id='word_1_72' title='bbox 449 1216 526 1278; x_wconf 79' lang='lat' dir='ltr'>haud</span> <span class='ocrx_word' id='word_1_73' title='bbox 547 1234 646 1288; x_wconf 82' lang='lat' dir='ltr'>more,</span> <span class='ocrx_word' id='word_1_74' title='bbox 668 1226 772 1274; x_wconf 87' lang='lat' dir='ltr'>omnes</span> <span class='ocrx_word' id='word_1_75' title='bbox 793 1213 1016 1292; x_wconf 53' lang='lat' dir='ltr'>consurgimus</span> <span class='ocrx_word' id='word_1_76' title='bbox 1041 1221 1069 1274; x_wconf 90' lang='lat' dir='ltr'>et</span> <span class='ocrx_word' id='word_1_77' title='bbox 1088 1214 1252 1294; x_wconf 83' lang='lat' dir='ltr'>Eumolpus</span> <span class='ocrx_word' id='word_1_78' title='bbox 1274 1215 1394 1295; x_wconf 89' lang='lat' dir='ltr'>quidem</span> 
     </span>
     <span class='ocr_line' id='line_1_10' title="bbox 283 1311 1391 1377; baseline -0.005 0"><span class='ocrx_word' id='word_1_79' title='bbox 283 1315 495 1377; x_wconf 84' lang='lat' dir='ltr'>mercenarium</span> <span class='ocrx_word' id='word_1_80' title='bbox 515 1331 602 1375; x_wconf 91' lang='lat' dir='ltr'>suum</span> <span class='ocrx_word' id='word_1_81' title='bbox 618 1314 676 1374; x_wconf 87' lang='lat' dir='ltr'>iam</span> <span class='ocrx_word' id='word_1_82' title='bbox 693 1311 762 1373; x_wconf 93' lang='lat' dir='ltr'>olim</span> <span class='ocrx_word' id='word_1_83' title='bbox 778 1311 972 1375; x_wconf 86' lang='lat' dir='ltr'>dormientem</span> <span class='ocrx_word' id='word_1_84' title='bbox 989 1314 1066 1374; x_wconf 85' lang='lat' dir='ltr'>exire</span> <span class='ocrx_word' id='word_1_85' title='bbox 1081 1332 1148 1374; x_wconf 93' lang='lat' dir='ltr'>cum</span> <span class='ocrx_word' id='word_1_86' title='bbox 1164 1313 1285 1375; x_wconf 86' lang='lat' dir='ltr'>sarcinis</span> <span class='ocrx_word' id='word_1_87' title='bbox 1302 1313 1391 1373; x_wconf 91' lang='lat' dir='ltr'>iubet.</span> 
     </span>
     <span class='ocr_line' id='line_1_11' title="bbox 282 1409 1435 1494; baseline -0.003 -20"><span class='ocrx_word' id='word_1_88' title='bbox 282 1433 335 1494; x_wconf 83' lang='lat' dir='ltr'>ego</span> <span class='ocrx_word' id='word_1_89' title='bbox 352 1432 417 1474; x_wconf 94' lang='lat' dir='ltr'>cum</span> <span class='ocrx_word' id='word_1_90' title='bbox 434 1413 539 1474; x_wconf 88' lang='lat' dir='ltr'>Gitone</span> <span class='ocrx_word' id='word_1_91' title='bbox 553 1412 690 1493; x_wconf 89' lang='lat' dir='ltr'>quicquid</span> <span class='ocrx_word' id='word_1_92' title='bbox 706 1417 781 1486; x_wconf 85' lang='lat' dir='ltr'>eret,</span> <span class='ocrx_word' id='word_1_93' title='bbox 797 1409 827 1470; x_wconf 93' lang='lat' dir='ltr'>in</span> <span class='ocrx_word' id='word_1_94' title='bbox 843 1410 913 1473; x_wconf 84' lang='lat' dir='ltr'>alter</span> <span class='ocrx_word' id='word_1_95' title='bbox 930 1429 1077 1491; x_wconf 91' lang='lat' dir='ltr'>compono</span> <span class='ocrx_word' id='word_1_96' title='bbox 1094 1419 1123 1472; x_wconf 90' lang='lat' dir='ltr'>et</span> <span class='ocrx_word' id='word_1_97' title='bbox 1138 1412 1267 1474; x_wconf 84' lang='lat' dir='ltr'>adoratis</span> <span class='ocrx_word' id='word_1_98' title='bbox 1285 1412 1390 1474; x_wconf 89' lang='lat' dir='ltr'>sideri·</span> <span class='ocrx_word' id='word_1_99' title='bbox 1410 1421 1435 1471; x_wconf 83' lang='lat' dir='ltr'>lo</span> 
     </span>
    </p>
   </div>
   <div class='ocr_carea' id='block_1_3' title="bbox 282 1511 844 1643">
    <p class='ocr_par' dir='ltr' id='par_1_3' title="bbox 282 1511 844 1643">
     <span class='ocr_line' id='line_1_12' title="bbox 282 1511 593 1592; baseline -0.01 -18"><span class='ocrx_word' id='word_1_100' title='bbox 282 1512 337 1574; x_wconf 91' lang='lat' dir='ltr'>bus</span> <span class='ocrx_word' id='word_1_101' title='bbox 350 1513 429 1573; x_wconf 93' lang='lat' dir='ltr'>intro</span> <span class='ocrx_word' id='word_1_102' title='bbox 444 1511 593 1592; x_wconf 80' lang='lat' dir='ltr'>navigium</span> 
     </span>
     <span class='ocr_line' id='line_1_13' title="bbox 823 1604 844 1643; baseline 0 0"><span class='ocrx_word' id='word_1_103' title='bbox 823 1604 844 1643; x_wconf 76' lang='lat' dir='ltr'>ss</span> 
     </span>
    </p>
   </div>
   <div class='ocr_carea' id='block_1_4' title="bbox 214 1674 1435 2063">
    <p class='ocr_par' dir='ltr' id='par_1_4' title="bbox 214 1674 1435 2063">
     <span class='ocr_line' id='line_1_14' title="bbox 214 1674 1389 1761; baseline -0.001 -16"><span class='ocrx_word' id='word_1_104' title='bbox 214 1676 273 1741; x_wconf 83' lang='lat'>100</span> <span class='ocrx_word' id='word_1_105' title='bbox 364 1674 535 1746; x_wconf 88' lang='lat' dir='ltr'>‘molestum</span> <span class='ocrx_word' id='word_1_106' title='bbox 551 1679 690 1761; x_wconf 90' lang='lat' dir='ltr'>estquod</span> <span class='ocrx_word' id='word_1_107' title='bbox 706 1699 780 1761; x_wconf 88' lang='lat' dir='ltr'>puer</span> <span class='ocrx_word' id='word_1_108' title='bbox 790 1679 902 1759; x_wconf 89' lang='lat' dir='ltr'>hospiti</span> <span class='ocrx_word' id='word_1_109' title='bbox 914 1679 1014 1759; x_wconf 83' lang='lat' dir='ltr'>placet.</span> <span class='ocrx_word' id='word_1_110' title='bbox 1038 1680 1106 1760; x_wconf 90' lang='lat' dir='ltr'>quid</span> <span class='ocrx_word' id='word_1_111' title='bbox 1119 1689 1214 1743; x_wconf 84' lang='lat' dir='ltr'>autem</span> <span class='ocrx_word' id='word_1_112' title='bbox 1229 1700 1292 1743; x_wconf 92' lang='lat' dir='ltr'>non</span> <span class='ocrx_word' id='word_1_113' title='bbox 1305 1701 1389 1744; x_wconf 93' lang='lat' dir='ltr'>com-</span> 
     </span>
     <span class='ocr_line' id='line_1_15' title="bbox 281 1772 1388 1864; baseline -0.003 -19"><span class='ocrx_word' id='word_1_114' title='bbox 281 1801 371 1845; x_wconf 90' lang='lat' dir='ltr'>mune</span> <span class='ocrx_word' id='word_1_115' title='bbox 383 1782 517 1864; x_wconf 90' lang='lat' dir='ltr'>estquod</span> <span class='ocrx_word' id='word_1_116' title='bbox 531 1788 633 1843; x_wconf 83' lang='lat' dir='ltr'>natura</span> <span class='ocrx_word' id='word_1_117' title='bbox 646 1779 791 1860; x_wconf 90' lang='lat' dir='ltr'>optimum</span> <span class='ocrx_word' id='word_1_118' title='bbox 804 1774 925 1839; x_wconf 81' lang='lat' dir='ltr'>fecerit?</span> <span class='ocrx_word' id='word_1_119' title='bbox 944 1778 989 1839; x_wconf 95' lang='lat' dir='ltr'>sol</span> <span class='ocrx_word' id='word_1_120' title='bbox 1002 1772 1236 1842; x_wconf 56' lang='lat' dir='ltr'>omnibus&#39;lucet.</span> <span class='ocrx_word' id='word_1_121' title='bbox 1258 1781 1327 1844; x_wconf 83' lang='lat' dir='ltr'>luna</span> <span class='ocrx_word' id='word_1_122' title='bbox 1341 1783 1388 1842; x_wconf 94' lang='lat' dir='ltr'>in-</span> 
     </span>
     <span class='ocr_line' id='line_1_16' title="bbox 281 1876 1392 1960; baseline -0.005 -15"><span class='ocrx_word' id='word_1_123' title='bbox 281 1883 512 1945; x_wconf 83' lang='lat' dir='ltr'>numerabilibus</span> <span class='ocrx_word' id='word_1_124' title='bbox 525 1880 661 1942; x_wconf 79' lang='lat' dir='ltr'>comitata</span> <span class='ocrx_word' id='word_1_125' title='bbox 674 1877 820 1940; x_wconf 90' lang='lat' dir='ltr'>sideribus</span> <span class='ocrx_word' id='word_1_126' title='bbox 833 1876 920 1938; x_wconf 84' lang='lat' dir='ltr'>etism</span> <span class='ocrx_word' id='word_1_127' title='bbox 931 1877 1007 1939; x_wconf 86' lang='lat' dir='ltr'>foras</span> <span class='ocrx_word' id='word_1_128' title='bbox 1020 1880 1100 1941; x_wconf 90' lang='lat' dir='ltr'>ducit</span> <span class='ocrx_word' id='word_1_129' title='bbox 1111 1880 1145 1941; x_wconf 84' lang='lat' dir='ltr'>ad</span> <span class='ocrx_word' id='word_1_130' title='bbox 1157 1879 1305 1959; x_wconf 81' lang='lat' dir='ltr'>pabulum.</span> <span class='ocrx_word' id='word_1_131' title='bbox 1323 1880 1392 1960; x_wconf 92' lang='lat' dir='ltr'>quid</span> 
     </span>
     <span class='ocr_line' id='line_1_17' title="bbox 282 1975 1435 2063; baseline -0.01 -19"><span class='ocrx_word' id='word_1_132' title='bbox 282 1984 365 2063; x_wconf 85' lang='lat' dir='ltr'>equis</span> <span class='ocrx_word' id='word_1_133' title='bbox 381 1983 438 2044; x_wconf 92' lang='lat' dir='ltr'>dici</span> <span class='ocrx_word' id='word_1_134' title='bbox 452 1981 613 2043; x_wconf 84' lang='lat' dir='ltr'>formosius</span> <span class='ocrx_word' id='word_1_135' title='bbox 629 1975 751 2059; x_wconf 80' lang='lat' dir='ltr'>potest?</span> <span class='ocrx_word' id='word_1_136' title='bbox 780 1977 810 2037; x_wconf 94' lang='lat' dir='ltr'>in</span> <span class='ocrx_word' id='word_1_137' title='bbox 826 1976 942 2057; x_wconf 89' lang='lat' dir='ltr'>publico</span> <span class='ocrx_word' id='word_1_138' title='bbox 958 1985 1054 2039; x_wconf 85' lang='lat' dir='ltr'>tamen</span> <span class='ocrx_word' id='word_1_139' title='bbox 1067 1986 1194 2039; x_wconf 85' lang='lat' dir='ltr'>monent.</span> <span class='ocrx_word' id='word_1_140' title='bbox 1225 1979 1307 2040; x_wconf 89' lang='lat' dir='ltr'>solus</span> <span class='ocrx_word' id='word_1_141' title='bbox 1320 1998 1389 2058; x_wconf 82' lang='lat' dir='ltr'>ergo</span> <span class='ocrx_word' id='word_1_142' title='bbox 1409 1985 1435 2034; x_wconf 81' lang='lat'>15</span> 
     </span>
    </p>
   </div>
   <div class='ocr_carea' id='block_1_5' title="bbox 282 2073 1391 2160">
    <p class='ocr_par' dir='ltr' id='par_1_5' title="bbox 282 2073 1391 2160">
     <span class='ocr_line' id='line_1_18' title="bbox 282 2073 1391 2160; baseline -0.004 -18"><span class='ocrx_word' id='word_1_143' title='bbox 282 2099 367 2142; x_wconf 82' lang='lat' dir='ltr'>amor</span> <span class='ocrx_word' id='word_1_144' title='bbox 384 2081 498 2142; x_wconf 90' lang='lat' dir='ltr'>furtum</span> <span class='ocrx_word' id='word_1_145' title='bbox 517 2078 617 2160; x_wconf 91' lang='lat' dir='ltr'>potius</span> <span class='ocrx_word' id='word_1_146' title='bbox 638 2095 725 2157; x_wconf 85' lang='lat' dir='ltr'>quam</span> <span class='ocrx_word' id='word_1_147' title='bbox 745 2076 909 2155; x_wconf 87' lang='lat' dir='ltr'>praemium</span> <span class='ocrx_word' id='word_1_148' title='bbox 930 2073 1006 2137; x_wconf 78' lang='lat' dir='ltr'>erit?</span> <span class='ocrx_word' id='word_1_149' title='bbox 1035 2076 1126 2138; x_wconf 94' lang='lat' dir='ltr'>immo</span> <span class='ocrx_word' id='word_1_150' title='bbox 1149 2096 1216 2139; x_wconf 89' lang='lat' dir='ltr'>vero</span> <span class='ocrx_word' id='word_1_151' title='bbox 1238 2078 1308 2139; x_wconf 92' lang='lat' dir='ltr'>nolo</span> <span class='ocrx_word' id='word_1_152' title='bbox 1335 2078 1391 2138; x_wconf 83' lang='lat' dir='ltr'>ba-</span> 
     </span>
    </p>
   </div>
   <div class='ocr_carea' id='block_1_6' title="bbox 273 2258 1393 4254">
    <p class='ocr_par' dir='ltr' id='par_1_6' title="bbox 273 2258 1393 4254">
     <span class='ocr_line' id='line_1_19' title="bbox 355 2258 1390 2328; baseline 0.006 -23"><span class='ocrx_word' id='word_1_153' title='bbox 355 2261 368 2306; x_wconf 91' lang='lat'>1</span> <span class='ocrx_word' id='word_1_154' title='bbox 389 2258 457 2307; x_wconf 91' lang='lat' dir='ltr'>uelut</span> <span class='ocrx_word' id='word_1_155' title='bbox 473 2261 563 2323; x_wconf 87' lang='lat' dir='ltr'>pruina</span> <span class='ocrx_word' id='word_1_156' title='bbox 581 2262 721 2310; x_wconf 84' lang='lat' dir='ltr'>dilabuntur</span> <span class='ocrx_word' id='word_1_157' title='bbox 743 2258 861 2324; x_wconf 77' lang='lat' dir='ltr'>Cuperus</span> <span class='ocrx_word' id='word_1_158' title='bbox 1003 2261 1113 2309; x_wconf 87' lang='lat' dir='ltr'>similiter</span> <span class='ocrx_word' id='word_1_159' title='bbox 1126 2269 1173 2325; x_wconf 79' lang='lat' dir='ltr'>pt:</span> <span class='ocrx_word' id='word_1_160' title='bbox 1192 2263 1276 2312; x_wconf 88' lang='lat' dir='ltr'>similis</span> <span class='ocrx_word' id='word_1_161' title='bbox 1288 2262 1390 2328; x_wconf 84' lang='lat' dir='ltr'>florile-</span> 
     </span>
     <span class='ocr_line' id='line_1_20' title="bbox 281 2329 1284 2399; baseline 0.002 -19"><span class='ocrx_word' id='word_1_162' title='bbox 281 2331 362 2398; x_wconf 78' lang='lat' dir='ltr'>9inm,</span> <span class='ocrx_word' id='word_1_163' title='bbox 380 2331 453 2378; x_wconf 90' lang='lat' dir='ltr'>simul</span> <span class='ocrx_word' id='word_1_164' title='bbox 470 2329 496 2379; x_wconf 90' lang='lat' dir='ltr'><em>L</em></span> <span class='ocrx_word' id='word_1_165' title='bbox 609 2335 626 2382; x_wconf 84' lang='lat'><em>2</em></span> <span class='ocrx_word' id='word_1_166' title='bbox 644 2333 759 2382; x_wconf 85' lang='lat' dir='ltr'>humanis</span> <span class='ocrx_word' id='word_1_167' title='bbox 773 2339 834 2396; x_wconf 85' lang='lat' dir='ltr'>post</span> <span class='ocrx_word' id='word_1_168' title='bbox 851 2333 991 2396; x_wconf 85' lang='lat' dir='ltr'>pectoribus</span> <span class='ocrx_word' id='word_1_169' title='bbox 1010 2331 1116 2383; x_wconf 86' lang='lat' dir='ltr'>addidit</span> <span class='ocrx_word' id='word_1_170' title='bbox 1125 2333 1284 2399; x_wconf 77' lang='lat' dir='ltr'>floriiepiuns</span> 
     </span>
     <span class='ocr_line' id='line_1_21' title="bbox 282 2400 1393 2471; baseline 0.003 -18"><span class='ocrx_word' id='word_1_171' title='bbox 282 2404 323 2453; x_wconf 90' lang='lat' dir='ltr'>ubi</span> <span class='ocrx_word' id='word_1_172' title='bbox 341 2404 378 2452; x_wconf 84' lang='lat' dir='ltr'>irc</span> <span class='ocrx_word' id='word_1_173' title='bbox 397 2403 528 2466; x_wconf 82' lang='lat' dir='ltr'>conligitur</span> <span class='ocrx_word' id='word_1_174' title='bbox 545 2400 660 2461; x_wconf 76' lang='lat' dir='ltr'>Iahnius</span> <span class='ocrx_word' id='word_1_175' title='bbox 767 2405 866 2467; x_wconf 91' lang='lat' dir='ltr'>quidem</span> <span class='ocrx_word' id='word_1_176' title='bbox 884 2419 930 2458; x_wconf 87' lang='lat' dir='ltr'>om.</span> <span class='ocrx_word' id='word_1_177' title='bbox 943 2402 1102 2469; x_wconf 74' lang='lat' dir='ltr'>florileqium</span> <span class='ocrx_word' id='word_1_178' title='bbox 1192 2407 1280 2454; x_wconf 78' lang='lat' dir='ltr'>obsidis</span> <span class='ocrx_word' id='word_1_179' title='bbox 1292 2405 1393 2471; x_wconf 80' lang='lat' dir='ltr'>florile-</span> 
     </span>
     <span class='ocr_line' id='line_1_22' title="bbox 279 2473 1392 2543; baseline 0.001 -18"><span class='ocrx_word' id='word_1_180' title='bbox 279 2475 352 2542; x_wconf 75' lang='lat' dir='ltr'>pium</span> <span class='ocrx_word' id='word_1_181' title='bbox 441 2482 479 2524; x_wconf 88' lang='lat' dir='ltr'>set</span> <span class='ocrx_word' id='word_1_182' title='bbox 491 2473 641 2526; x_wconf 69' lang='lat' dir='ltr'>adolandum</span> <span class='ocrx_word' id='word_1_183' title='bbox 654 2490 740 2525; x_wconf 87' lang='lat' dir='ltr'>censeo</span> <span class='ocrx_word' id='word_1_184' title='bbox 830 2476 1016 2539; x_wconf 78' lang='lat' dir='ltr'>praeterlabitur</span> <span class='ocrx_word' id='word_1_185' title='bbox 1030 2481 1051 2523; x_wconf 82' lang='lat' dir='ltr'>t:</span> <span class='ocrx_word' id='word_1_186' title='bbox 1064 2477 1213 2539; x_wconf 81' lang='lat' dir='ltr'>praelabitur</span> <span class='ocrx_word' id='word_1_187' title='bbox 1223 2476 1265 2540; x_wconf 87' lang='lat' dir='ltr'>Lp</span> <span class='ocrx_word' id='word_1_188' title='bbox 1279 2478 1392 2543; x_wconf 78' lang='lat' dir='ltr'>currcflo-</span> 
     </span>
     <span class='ocr_line' id='line_1_23' title="bbox 282 2545 1392 2613; baseline 0.002 -16"><span class='ocrx_word' id='word_1_189' title='bbox 282 2546 371 2612; x_wconf 70' lang='lat' dir='ltr'>sileain</span> <span class='ocrx_word' id='word_1_190' title='bbox 461 2548 632 2612; x_wconf 84' lang='lat' dir='ltr'>3Enmolpus</span> <span class='ocrx_word' id='word_1_191' title='bbox 645 2545 670 2597; x_wconf 94' lang='lat' dir='ltr'><em>L</em></span> <span class='ocrx_word' id='word_1_192' title='bbox 759 2547 825 2595; x_wconf 85' lang='lat' dir='ltr'>Eoos</span> <span class='ocrx_word' id='word_1_193' title='bbox 842 2547 908 2595; x_wconf 85' lang='lat' dir='ltr'>enim</span> <span class='ocrx_word' id='word_1_194' title='bbox 922 2548 1006 2596; x_wconf 90' lang='lat' dir='ltr'>osculo</span> <span class='ocrx_word' id='word_1_195' title='bbox 1019 2545 1044 2595; x_wconf 89' lang='lat' dir='ltr'><em>L</em></span> <span class='ocrx_word' id='word_1_196' title='bbox 1136 2547 1305 2598; x_wconf 73' lang='lat' dir='ltr'>isarcillulas</span> <span class='ocrx_word' id='word_1_197' title='bbox 1320 2545 1392 2613; x_wconf 70' lang='lat' dir='ltr'>exfro-</span> 
     </span>
     <span class='ocr_line' id='line_1_24' title="bbox 282 2617 1391 2683; baseline 0.001 -15"><span class='ocrx_word' id='word_1_198' title='bbox 282 2621 331 2668; x_wconf 86' lang='lat' dir='ltr'>dite</span> <span class='ocrx_word' id='word_1_199' title='bbox 344 2617 370 2666; x_wconf 90' lang='lat' dir='ltr'><em>L</em></span> <span class='ocrx_word' id='word_1_200' title='bbox 460 2621 474 2668; x_wconf 84' lang='lat'>6</span> <span class='ocrx_word' id='word_1_201' title='bbox 489 2635 546 2668; x_wconf 90' lang='lat' dir='ltr'>cum</span> <span class='ocrx_word' id='word_1_202' title='bbox 560 2620 656 2683; x_wconf 87' lang='lat' dir='ltr'>crepuit</span> <span class='ocrx_word' id='word_1_203' title='bbox 662 2624 709 2683; x_wconf 82' lang='lat' dir='ltr'>pt:</span> <span class='ocrx_word' id='word_1_204' title='bbox 722 2618 865 2680; x_wconf 90' lang='lat' dir='ltr'>concrepuit</span> <span class='ocrx_word' id='word_1_205' title='bbox 878 2618 902 2667; x_wconf 92' lang='lat' dir='ltr'><em>L</em></span> <span class='ocrx_word' id='word_1_206' title='bbox 980 2619 1123 2682; x_wconf 88' lang='lat' dir='ltr'>impulsum]</span> <span class='ocrx_word' id='word_1_207' title='bbox 1129 2618 1247 2683; x_wconf 79' lang='lat' dir='ltr'>fortasse</span> <span class='ocrx_word' id='word_1_208' title='bbox 1258 2623 1391 2671; x_wconf 86' lang='lat' dir='ltr'>uehemen-</span> 
     </span>
     <span class='ocr_line' id='line_1_25' title="bbox 282 2681 1389 2756; baseline 0.002 -17"><span class='ocrx_word' id='word_1_209' title='bbox 282 2691 330 2739; x_wconf 87' lang='lat' dir='ltr'>tius</span> <span class='ocrx_word' id='word_1_210' title='bbox 343 2697 390 2741; x_wconf 90' lang='lat' dir='ltr'>aut</span> <span class='ocrx_word' id='word_1_211' title='bbox 400 2689 481 2740; x_wconf 84' lang='lat' dir='ltr'>simile</span> <span class='ocrx_word' id='word_1_212' title='bbox 494 2690 639 2755; x_wconf 81' lang='lat' dir='ltr'>oppositum</span> <span class='ocrx_word' id='word_1_213' title='bbox 651 2688 763 2755; x_wconf 76' lang='lat' dir='ltr'>nepleaeit</span> <span class='ocrx_word' id='word_1_214' title='bbox 775 2696 908 2753; x_wconf 68' lang='lat' dir='ltr'>excerptor</span> <span class='ocrx_word' id='word_1_215' title='bbox 994 2681 1087 2738; x_wconf 85' lang='lat' dir='ltr'>‘uerbis</span> <span class='ocrx_word' id='word_1_216' title='bbox 1103 2690 1158 2756; x_wconf 86' lang='lat' dir='ltr'>(uel</span> <span class='ocrx_word' id='word_1_217' title='bbox 1168 2693 1245 2740; x_wconf 85' lang='lat' dir='ltr'>barba</span> <span class='ocrx_word' id='word_1_218' title='bbox 1256 2685 1389 2756; x_wconf 88' lang='lat' dir='ltr'>horridus)&#39;</span> 
     </span>
     <span class='ocr_line' id='line_1_26' title="bbox 281 2761 1391 2829; baseline 0.003 -19"><span class='ocrx_word' id='word_1_219' title='bbox 281 2767 394 2826; x_wconf 74' lang='lat' dir='ltr'>nmrpot</span> <span class='ocrx_word' id='word_1_220' title='bbox 478 2766 490 2810; x_wconf 77' lang='lat'><strong>7</strong></span> <span class='ocrx_word' id='word_1_221' title='bbox 511 2764 615 2812; x_wconf 88' lang='lat' dir='ltr'>moraris</span> <span class='ocrx_word' id='word_1_222' title='bbox 634 2763 686 2825; x_wconf 80' lang='lat' dir='ltr'>Lp,</span> <span class='ocrx_word' id='word_1_223' title='bbox 704 2777 793 2826; x_wconf 77' lang='lat' dir='ltr'>usurpo</span> <span class='ocrx_word' id='word_1_224' title='bbox 812 2768 835 2809; x_wconf 86' lang='lat' dir='ltr'>t:</span> <span class='ocrx_word' id='word_1_225' title='bbox 852 2761 948 2810; x_wconf 88' lang='lat' dir='ltr'>miraris</span> <span class='ocrx_word' id='word_1_226' title='bbox 968 2767 978 2809; x_wconf 89' lang='lat' dir='ltr'>t</span> <span class='ocrx_word' id='word_1_227' title='bbox 1065 2763 1250 2826; x_wconf 87' lang='lat' dir='ltr'>properandum</span> <span class='ocrx_word' id='word_1_228' title='bbox 1268 2779 1358 2829; x_wconf 76' lang='lat' dir='ltr'>marpo</span> <span class='ocrx_word' id='word_1_229' title='bbox 1376 2771 1391 2826; x_wconf 81' lang='lat' dir='ltr'>t,</span> 
     </span>
     <span class='ocr_line' id='line_1_27' title="bbox 281 2831 1392 2901; baseline 0.004 -21"><span class='ocrx_word' id='word_1_230' title='bbox 281 2834 418 2897; x_wconf 85' lang='lat' dir='ltr'>propedem</span> <span class='ocrx_word' id='word_1_231' title='bbox 428 2849 446 2880; x_wconf 92' lang='lat' dir='ltr'>a</span> <span class='ocrx_word' id='word_1_232' title='bbox 459 2831 577 2896; x_wconf 65' lang='lat' dir='ltr'>Rupilio</span> <span class='ocrx_word' id='word_1_233' title='bbox 586 2836 637 2884; x_wconf 79' lang='lat'>215</span> <span class='ocrx_word' id='word_1_234' title='bbox 648 2833 682 2885; x_wconf 85' lang='lat' dir='ltr'>B.</span> <span class='ocrx_word' id='word_1_235' title='bbox 700 2839 865 2882; x_wconf 81' lang='lat' dir='ltr'>memoratum</span> <span class='ocrx_word' id='word_1_236' title='bbox 877 2840 902 2881; x_wconf 90' lang='lat' dir='ltr'>et</span> <span class='ocrx_word' id='word_1_237' title='bbox 912 2833 1012 2895; x_wconf 83' lang='lat' dir='ltr'>podiam</span> <span class='ocrx_word' id='word_1_238' title='bbox 1024 2831 1073 2881; x_wconf 88' lang='lat' dir='ltr'>buc</span> <span class='ocrx_word' id='word_1_239' title='bbox 1086 2832 1134 2898; x_wconf 85' lang='lat' dir='ltr'>(ad</span> <span class='ocrx_word' id='word_1_240' title='bbox 1146 2834 1295 2900; x_wconf 89' lang='lat' dir='ltr'>propodion)</span> <span class='ocrx_word' id='word_1_241' title='bbox 1301 2835 1392 2901; x_wconf 82' lang='lat' dir='ltr'>facere</span> 
     </span>
     <span class='ocr_line' id='line_1_28' title="bbox 282 2901 1391 2970; baseline 0.001 -16"><span class='ocrx_word' id='word_1_242' title='bbox 282 2901 403 2954; x_wconf 78' lang='lat' dir='ltr'>Pithoeus</span> <span class='ocrx_word' id='word_1_243' title='bbox 425 2903 549 2967; x_wconf 82' lang='lat' dir='ltr'>putabat,</span> <span class='ocrx_word' id='word_1_244' title='bbox 568 2921 646 2970; x_wconf 89' lang='lat' dir='ltr'>propo</span> <span class='ocrx_word' id='word_1_245' title='bbox 665 2906 731 2953; x_wconf 89' lang='lat' dir='ltr'>diem</span> <span class='ocrx_word' id='word_1_246' title='bbox 749 2902 908 2966; x_wconf 69' lang='lat' dir='ltr'>Rubenius,</span> <span class='ocrx_word' id='word_1_247' title='bbox 927 2905 1066 2968; x_wconf 89' lang='lat' dir='ltr'>proludium</span> <span class='ocrx_word' id='word_1_248' title='bbox 1085 2912 1210 2970; x_wconf 78' lang='lat' dir='ltr'>tassquam</span> <span class='ocrx_word' id='word_1_249' title='bbox 1222 2907 1391 2970; x_wconf 75' lang='lat' dir='ltr'>partiendum</span> 
     </span>
     <span class='ocr_line' id='line_1_29' title="bbox 281 2973 1291 3042; baseline 0.004 -18"><span class='ocrx_word' id='word_1_250' title='bbox 281 2973 455 3040; x_wconf 63' lang='lat' dir='ltr'>Bmsparsiuu</span> <span class='ocrx_word' id='word_1_251' title='bbox 474 2976 614 3038; x_wconf 89' lang='lat' dir='ltr'>prolubium</span> <span class='ocrx_word' id='word_1_252' title='bbox 634 2973 759 3039; x_wconf 72' lang='lat' dir='ltr'>(inperiis.</span> <span class='ocrx_word' id='word_1_253' title='bbox 778 2974 933 3024; x_wconf 85' lang='lat' dir='ltr'>admutilata</span> <span class='ocrx_word' id='word_1_254' title='bbox 951 2974 1129 3041; x_wconf 76' lang='lat' dir='ltr'>redinteprare</span> <span class='ocrx_word' id='word_1_255' title='bbox 1147 2993 1199 3026; x_wconf 87' lang='lat' dir='ltr'>non</span> <span class='ocrx_word' id='word_1_256' title='bbox 1212 2979 1291 3042; x_wconf 79' lang='lat' dir='ltr'>potui</span> 
     </span>
     <span class='ocr_line' id='line_1_30' title="bbox 284 3038 1391 3112; baseline 0.006 -19"><span class='ocrx_word' id='word_1_257' title='bbox 284 3048 299 3094; x_wconf 91' lang='lat'>8</span> <span class='ocrx_word' id='word_1_258' title='bbox 318 3045 435 3108; x_wconf 76' lang='lat' dir='ltr'>ignores?</span> <span class='ocrx_word' id='word_1_259' title='bbox 453 3043 564 3094; x_wconf 84' lang='lat' dir='ltr'>edebant</span> <span class='ocrx_word' id='word_1_260' title='bbox 668 3049 717 3096; x_wconf 87' lang='lat' dir='ltr'>hac</span> <span class='ocrx_word' id='word_1_261' title='bbox 737 3063 808 3096; x_wconf 86' lang='lat' dir='ltr'>mora</span> <span class='ocrx_word' id='word_1_262' title='bbox 823 3038 1008 3112; x_wconf 75' lang='lat' dir='ltr'>‘Repertianus</span> <span class='ocrx_word' id='word_1_263' title='bbox 1027 3043 1117 3098; x_wconf 83' lang='lat' dir='ltr'>codeu&#39;</span> <span class='ocrx_word' id='word_1_264' title='bbox 1139 3047 1208 3098; x_wconf 77' lang='lat' dir='ltr'>sende</span> <span class='ocrx_word' id='word_1_265' title='bbox 1227 3066 1273 3099; x_wconf 88' lang='lat' dir='ltr'>nco</span> <span class='ocrx_word' id='word_1_266' title='bbox 1287 3051 1391 3100; x_wconf 72' lang='lat' dir='ltr'>Dauno.</span> 
     </span>
     <span class='ocr_line' id='line_1_31' title="bbox 280 3109 1391 3185; baseline 0.004 -19"><span class='ocrx_word' id='word_1_267' title='bbox 280 3109 344 3166; x_wconf 81' lang='lat' dir='ltr'>‘raon</span> <span class='ocrx_word' id='word_1_268' title='bbox 362 3115 470 3166; x_wconf 83' lang='lat' dir='ltr'>dubium</span> <span class='ocrx_word' id='word_1_269' title='bbox 489 3116 552 3181; x_wconf 79' lang='lat' dir='ltr'>puin</span> <span class='ocrx_word' id='word_1_270' title='bbox 570 3116 655 3168; x_wconf 83' lang='lat' dir='ltr'>desint</span> <span class='ocrx_word' id='word_1_271' title='bbox 671 3111 762 3168; x_wconf 86' lang='lat' dir='ltr'>multa&#39;</span> <span class='ocrx_word' id='word_1_272' title='bbox 784 3117 946 3184; x_wconf 80' lang='lat' dir='ltr'>Bouporsius</span> <span class='ocrx_word' id='word_1_273' title='bbox 1040 3122 1054 3168; x_wconf 81' lang='grc'><strong>9</strong></span> <span class='ocrx_word' id='word_1_274' title='bbox 1074 3121 1251 3185; x_wconf 74' lang='lat' dir='ltr'>expectaueris</span> <span class='ocrx_word' id='word_1_275' title='bbox 1269 3123 1391 3172; x_wconf 88' lang='lat' dir='ltr'>dormien-</span> 
     </span>
     <span class='ocr_line' id='line_1_32' title="bbox 283 3184 1390 3254; baseline 0.002 -16"><span class='ocrx_word' id='word_1_276' title='bbox 283 3195 334 3244; x_wconf 88' lang='lat' dir='ltr'>tem</span> <span class='ocrx_word' id='word_1_277' title='bbox 353 3189 446 3238; x_wconf 86' lang='lat' dir='ltr'>cxeitst</span> <span class='ocrx_word' id='word_1_278' title='bbox 464 3196 489 3238; x_wconf 89' lang='lat' dir='ltr'>et</span> <span class='ocrx_word' id='word_1_279' title='bbox 506 3191 603 3253; x_wconf 80' lang='lat' dir='ltr'>praeire</span> <span class='ocrx_word' id='word_1_280' title='bbox 622 3206 679 3239; x_wconf 89' lang='lat' dir='ltr'>cum</span> <span class='ocrx_word' id='word_1_281' title='bbox 806 3192 838 3239; x_wconf 90' lang='grc'>10</span> <span class='ocrx_word' id='word_1_282' title='bbox 858 3189 967 3240; x_wconf 90' lang='lat' dir='ltr'>Guitone</span> <span class='ocrx_word' id='word_1_283' title='bbox 987 3189 1012 3238; x_wconf 94' lang='lat' dir='ltr'><em>L</em></span> <span class='ocrx_word' id='word_1_284' title='bbox 1134 3184 1183 3240; x_wconf 70' lang='lat' dir='ltr'>olf‘</span> <span class='ocrx_word' id='word_1_285' title='bbox 1204 3191 1237 3254; x_wconf 87' lang='lat' dir='ltr'>L,</span> <span class='ocrx_word' id='word_1_286' title='bbox 1258 3194 1299 3242; x_wconf 85' lang='lat' dir='ltr'>alt.</span> <span class='ocrx_word' id='word_1_287' title='bbox 1319 3201 1390 3244; x_wconf 76' lang='lat' dir='ltr'>uelim</span> 
     </span>
     <span class='ocr_line' id='line_1_33' title="bbox 282 3253 1388 3330; baseline 0.004 -20"><span class='ocrx_word' id='word_1_288' title='bbox 282 3259 397 3324; x_wconf 84' lang='lat' dir='ltr'>Pitboei,</span> <span class='ocrx_word' id='word_1_289' title='bbox 423 3261 500 3310; x_wconf 83' lang='lat' dir='ltr'>cltum</span> <span class='ocrx_word' id='word_1_290' title='bbox 519 3267 543 3324; x_wconf 86' lang='lat' dir='ltr'>t,</span> <span class='ocrx_word' id='word_1_291' title='bbox 567 3262 697 3324; x_wconf 82' lang='lat' dir='ltr'>alutamp</span> <span class='ocrx_word' id='word_1_292' title='bbox 717 3268 741 3310; x_wconf 87' lang='lat' dir='ltr'>et</span> <span class='ocrx_word' id='word_1_293' title='bbox 757 3277 846 3327; x_wconf 80' lang='lat' dir='ltr'>usurpo</span> <span class='ocrx_word' id='word_1_294' title='bbox 865 3269 886 3324; x_wconf 83' lang='lat' dir='ltr'>t,</span> <span class='ocrx_word' id='word_1_295' title='bbox 903 3253 939 3313; x_wconf 81' lang='lat' dir='ltr'>‘u</span> <span class='ocrx_word' id='word_1_296' title='bbox 953 3260 1020 3311; x_wconf 81' lang='lat' dir='ltr'>seed.</span> <span class='ocrx_word' id='word_1_297' title='bbox 1039 3278 1084 3312; x_wconf 85' lang='lat' dir='ltr'>ms.</span> <span class='ocrx_word' id='word_1_298' title='bbox 1104 3264 1135 3311; x_wconf 86' lang='lat' dir='ltr'>ud</span> <span class='ocrx_word' id='word_1_299' title='bbox 1154 3265 1231 3312; x_wconf 85' lang='lat' dir='ltr'>altum</span> <span class='ocrx_word' id='word_1_300' title='bbox 1250 3259 1388 3330; x_wconf 89' lang='lat' dir='ltr'>comporto’</span> 
     </span>
     <span class='ocr_line' id='line_1_34' title="bbox 287 3331 1390 3400; baseline 0.002 -18"><span class='ocrx_word' id='word_1_301' title='bbox 287 3332 452 3384; x_wconf 78' lang='lat' dir='ltr'>Wouweiius.</span> <span class='ocrx_word' id='word_1_302' title='bbox 488 3334 592 3384; x_wconf 90' lang='lat' dir='ltr'>inlatum</span> <span class='ocrx_word' id='word_1_303' title='bbox 610 3331 764 3396; x_wconf 73' lang='lat' dir='ltr'>Salmasius,</span> <span class='ocrx_word' id='word_1_304' title='bbox 784 3335 876 3382; x_wconf 80' lang='lat' dir='ltr'>elatum</span> <span class='ocrx_word' id='word_1_305' title='bbox 895 3333 1032 3398; x_wconf 84' lang='lat' dir='ltr'>Heinsius,</span> <span class='ocrx_word' id='word_1_306' title='bbox 1055 3335 1081 3382; x_wconf 89' lang='lat' dir='ltr'>in</span> <span class='ocrx_word' id='word_1_307' title='bbox 1100 3341 1195 3384; x_wconf 85' lang='lat' dir='ltr'>arctum</span> <span class='ocrx_word' id='word_1_308' title='bbox 1213 3334 1390 3400; x_wconf 77' lang='lat' dir='ltr'>Burmannus,</span> 
     </span>
     <span class='ocr_line' id='line_1_35' title="bbox 281 3402 1390 3472; baseline 0.003 -18"><span class='ocrx_word' id='word_1_309' title='bbox 281 3407 307 3454; x_wconf 89' lang='lat' dir='ltr'>in</span> <span class='ocrx_word' id='word_1_310' title='bbox 326 3407 444 3456; x_wconf 87' lang='lat' dir='ltr'>uiaticum</span> <span class='ocrx_word' id='word_1_311' title='bbox 463 3421 519 3456; x_wconf 89' lang='lat' dir='ltr'>cum</span> <span class='ocrx_word' id='word_1_312' title='bbox 532 3402 665 3456; x_wconf 76' lang='lat' dir='ltr'>Sciiueiio</span> <span class='ocrx_word' id='word_1_313' title='bbox 684 3412 732 3455; x_wconf 88' lang='lat' dir='ltr'>aut</span> <span class='ocrx_word' id='word_1_314' title='bbox 748 3407 773 3454; x_wconf 87' lang='lat' dir='ltr'>in</span> <span class='ocrx_word' id='word_1_315' title='bbox 791 3406 902 3454; x_wconf 90' lang='lat' dir='ltr'>nidulum</span> <span class='ocrx_word' id='word_1_316' title='bbox 914 3404 1042 3457; x_wconf 79' lang='lat' dir='ltr'>Reislcius.</span> <span class='ocrx_word' id='word_1_317' title='bbox 1079 3406 1224 3455; x_wconf 80' lang='lat' dir='ltr'>festinanter</span> <span class='ocrx_word' id='word_1_318' title='bbox 1236 3407 1304 3472; x_wconf 86' lang='lat' dir='ltr'>olim,</span> <span class='ocrx_word' id='word_1_319' title='bbox 1324 3425 1390 3458; x_wconf 75' lang='lat' dir='ltr'>nscisc</span> 
     </span>
     <span class='ocr_line' id='line_1_36' title="bbox 281 3475 1390 3542; baseline 0.003 -16"><span class='ocrx_word' id='word_1_320' title='bbox 281 3479 307 3526; x_wconf 90' lang='lat' dir='ltr'>in</span> <span class='ocrx_word' id='word_1_321' title='bbox 325 3478 372 3527; x_wconf 90' lang='lat' dir='ltr'>iter</span> <span class='ocrx_word' id='word_1_322' title='bbox 390 3493 439 3542; x_wconf 66' lang='lat' dir='ltr'>epo,</span> <span class='ocrx_word' id='word_1_323' title='bbox 551 3477 670 3542; x_wconf 85' lang='lat' dir='ltr'>adoretis]</span> <span class='ocrx_word' id='word_1_324' title='bbox 690 3476 831 3540; x_wconf 69' lang='lat' dir='ltr'>adscripsit</span> <span class='ocrx_word' id='word_1_325' title='bbox 846 3476 875 3526; x_wconf 91' lang='lat' dir='ltr'>in</span> <span class='ocrx_word' id='word_1_326' title='bbox 893 3477 1009 3542; x_wconf 76' lang='lat' dir='ltr'>marpine</span> <span class='ocrx_word' id='word_1_327' title='bbox 1028 3477 1053 3526; x_wconf 93' lang='lat' dir='ltr'><em>L</em></span> <span class='ocrx_word' id='word_1_328' title='bbox 1070 3475 1188 3542; x_wconf 78' lang='lat' dir='ltr'>Scaliper</span> <span class='ocrx_word' id='word_1_329' title='bbox 1205 3493 1310 3528; x_wconf 82' lang='lat' dir='ltr'>uersum</span> <span class='ocrx_word' id='word_1_330' title='bbox 1329 3479 1390 3529; x_wconf 80' lang='lat' dir='ltr'>Pro</span> 
     </span>
     <span class='ocr_line' id='line_1_37' title="bbox 276 3547 1321 3614; baseline 0.004 -18"><span class='ocrx_word' id='word_1_331' title='bbox 276 3547 428 3611; x_wconf 70' lang='lat' dir='ltr'>pendanum</span> <span class='ocrx_word' id='word_1_332' title='bbox 447 3547 467 3596; x_wconf 93' lang='lat' dir='ltr'><strong><em>I</em></strong></span> <span class='ocrx_word' id='word_1_333' title='bbox 483 3551 525 3611; x_wconf 86' lang='lat'>17,</span> <span class='ocrx_word' id='word_1_334' title='bbox 545 3551 562 3598; x_wconf 88' lang='grc'><strong><em>3</em></strong></span> <span class='ocrx_word' id='word_1_335' title='bbox 654 3552 685 3598; x_wconf 93' lang='grc'>11</span> <span class='ocrx_word' id='word_1_336' title='bbox 706 3555 756 3598; x_wconf 79' lang='lat' dir='ltr'>tres</span> <span class='ocrx_word' id='word_1_337' title='bbox 775 3547 907 3598; x_wconf 78' lang='lat' dir='ltr'>asteriscos</span> <span class='ocrx_word' id='word_1_338' title='bbox 925 3549 1017 3598; x_wconf 84' lang='lat' dir='ltr'>inserit</span> <span class='ocrx_word' id='word_1_339' title='bbox 1034 3549 1066 3610; x_wconf 89' lang='lat' dir='ltr'>L,</span> <span class='ocrx_word' id='word_1_340' title='bbox 1085 3547 1150 3598; x_wconf 88' lang='lat' dir='ltr'>duos</span> <span class='ocrx_word' id='word_1_341' title='bbox 1168 3557 1185 3611; x_wconf 89' lang='lat' dir='ltr'>t,</span> <span class='ocrx_word' id='word_1_342' title='bbox 1203 3565 1285 3600; x_wconf 86' lang='lat' dir='ltr'>unum</span> <span class='ocrx_word' id='word_1_343' title='bbox 1299 3568 1321 3614; x_wconf 84' lang='lat' dir='ltr'>p</span> 
     </span>
     <span class='ocr_line' id='line_1_38' title="bbox 284 3617 1390 3688; baseline 0.004 -22"><span class='ocrx_word' id='word_1_344' title='bbox 284 3621 315 3666; x_wconf 79' lang='lat'>12</span> <span class='ocrx_word' id='word_1_345' title='bbox 335 3625 373 3666; x_wconf 90' lang='lat' dir='ltr'>est</span> <span class='ocrx_word' id='word_1_346' title='bbox 391 3617 537 3668; x_wconf 85' lang='lat' dir='ltr'>omittebant</span> <span class='ocrx_word' id='word_1_347' title='bbox 641 3621 740 3684; x_wconf 81' lang='lat' dir='ltr'>placet?</span> <span class='ocrx_word' id='word_1_348' title='bbox 760 3625 769 3668; x_wconf 85' lang='lat' dir='ltr'>l</span> <span class='ocrx_word' id='word_1_349' title='bbox 872 3621 1008 3683; x_wconf 86' lang='lat' dir='ltr'>quid-15</span> <span class='ocrx_word' id='word_1_350' title='bbox 1028 3628 1131 3670; x_wconf 88' lang='lat' dir='ltr'>menant</span> <span class='ocrx_word' id='word_1_351' title='bbox 1148 3619 1224 3670; x_wconf 86' lang='lat' dir='ltr'>babet</span> <span class='ocrx_word' id='word_1_352' title='bbox 1234 3622 1390 3688; x_wconf 77' lang='lat' dir='ltr'>floiilepiun</span> 
     </span>
     <span class='ocr_line' id='line_1_39' title="bbox 280 3686 1389 3752; baseline 0.006 -17"><span class='ocrx_word' id='word_1_353' title='bbox 280 3686 441 3750; x_wconf 78' lang='lat' dir='ltr'>Parisiorum,</span> <span class='ocrx_word' id='word_1_354' title='bbox 460 3690 597 3752; x_wconf 83' lang='lat' dir='ltr'>qnid-13</span> <span class='ocrx_word' id='word_1_355' title='bbox 618 3692 704 3742; x_wconf 86' lang='lat' dir='ltr'>fecerit</span> <span class='ocrx_word' id='word_1_356' title='bbox 728 3690 875 3741; x_wconf 76' lang='lat' dir='ltr'>Vincentius</span> <span class='ocrx_word' id='word_1_357' title='bbox 894 3691 966 3744; x_wconf 85' lang='lat' dir='ltr'>Belu.</span> <span class='ocrx_word' id='word_1_358' title='bbox 985 3692 1001 3741; x_wconf 86' lang='lat' dir='ltr'>l.</span> <span class='ocrx_word' id='word_1_359' title='bbox 1021 3709 1041 3744; x_wconf 87' lang='lat' dir='ltr'>s.</span> <span class='ocrx_word' id='word_1_360' title='bbox 1155 3700 1239 3742; x_wconf 86' lang='lat' dir='ltr'>autem</span> <span class='ocrx_word' id='word_1_361' title='bbox 1258 3711 1305 3743; x_wconf 88' lang='lat' dir='ltr'>om.</span> <span class='ocrx_word' id='word_1_362' title='bbox 1332 3693 1389 3744; x_wconf 85' lang='lat' dir='ltr'>Vin·</span> 
     </span>
     <span class='ocr_line' id='line_1_40' title="bbox 281 3757 1390 3830; baseline 0.007 -24"><span class='ocrx_word' id='word_1_363' title='bbox 281 3757 378 3807; x_wconf 85' lang='lat' dir='ltr'>cents&#39;us</span> <span class='ocrx_word' id='word_1_364' title='bbox 397 3767 421 3808; x_wconf 87' lang='lat' dir='ltr'>et</span> <span class='ocrx_word' id='word_1_365' title='bbox 431 3758 589 3825; x_wconf 76' lang='lat' dir='ltr'>florilepium</span> <span class='ocrx_word' id='word_1_366' title='bbox 716 3766 748 3812; x_wconf 85' lang='lat'>13</span> <span class='ocrx_word' id='word_1_367' title='bbox 768 3764 853 3812; x_wconf 88' lang='lat' dir='ltr'>fecerit</span> <span class='ocrx_word' id='word_1_368' title='bbox 876 3760 1036 3813; x_wconf 82' lang='lat' dir='ltr'>Vincentius:</span> <span class='ocrx_word' id='word_1_369' title='bbox 1062 3765 1120 3814; x_wconf 86' lang='lat' dir='ltr'>feeit</span> <span class='ocrx_word' id='word_1_370' title='bbox 1138 3763 1239 3829; x_wconf 62' lang='lat' dir='ltr'>reluat,</span> <span class='ocrx_word' id='word_1_371' title='bbox 1260 3765 1331 3830; x_wconf 80' lang='lat' dir='ltr'>quod</span> <span class='ocrx_word' id='word_1_372' title='bbox 1349 3765 1390 3815; x_wconf 84' lang='lat' dir='ltr'>de·</span> 
     </span>
     <span class='ocr_line' id='line_1_41' title="bbox 273 3826 1317 3902; baseline 0.011 -26"><span class='ocrx_word' id='word_1_373' title='bbox 273 3826 403 3893; x_wconf 79' lang='lat' dir='ltr'>sensurus</span> <span class='ocrx_word' id='word_1_374' title='bbox 417 3837 479 3892; x_wconf 79' lang='lat' dir='ltr'>post</span> <span class='ocrx_word' id='word_1_375' title='bbox 495 3838 579 3880; x_wconf 88' lang='lat' dir='ltr'>eutem</span> <span class='ocrx_word' id='word_1_376' title='bbox 597 3831 696 3883; x_wconf 81' lang='lat' dir='ltr'>debebit</span> <span class='ocrx_word' id='word_1_377' title='bbox 711 3834 893 3900; x_wconf 77' lang='lat' dir='ltr'>interpunpere</span> <span class='ocrx_word' id='word_1_378' title='bbox 1004 3839 1035 3884; x_wconf 88' lang='grc'>14</span> <span class='ocrx_word' id='word_1_379' title='bbox 1054 3837 1145 3884; x_wconf 84' lang='lat' dir='ltr'>comite</span> <span class='ocrx_word' id='word_1_380' title='bbox 1156 3835 1317 3902; x_wconf 76' lang='lat' dir='ltr'>florilepium</span> 
     </span>
     <span class='ocr_line' id='line_1_42' title="bbox 281 3897 1322 3970; baseline 0.012 -23"><span class='ocrx_word' id='word_1_381' title='bbox 281 3900 346 3948; x_wconf 84' lang='lat' dir='ltr'>feras</span> <span class='ocrx_word' id='word_1_382' title='bbox 364 3901 396 3948; x_wconf 92' lang='lat' dir='ltr'>ad</span> <span class='ocrx_word' id='word_1_383' title='bbox 413 3902 531 3965; x_wconf 85' lang='lat' dir='ltr'>pabulum</span> <span class='ocrx_word' id='word_1_384' title='bbox 549 3905 623 3953; x_wconf 88' lang='lat' dir='ltr'>mittit</span> <span class='ocrx_word' id='word_1_385' title='bbox 633 3904 798 3970; x_wconf 74' lang='lat' dir='ltr'>florilspium,</span> <span class='ocrx_word' id='word_1_386' title='bbox 815 3897 861 3959; x_wconf 72' lang='lat' dir='ltr'>‘ab</span> <span class='ocrx_word' id='word_1_387' title='bbox 880 3900 964 3958; x_wconf 83' lang='lat' dir='ltr'>mittit&#39;</span> <span class='ocrx_word' id='word_1_388' title='bbox 992 3905 1146 3958; x_wconf 81' lang='lat' dir='ltr'>Tornaesius</span> <span class='ocrx_word' id='word_1_389' title='bbox 1164 3916 1187 3956; x_wconf 89' lang='lat' dir='ltr'>et</span> <span class='ocrx_word' id='word_1_390' title='bbox 1199 3908 1322 3958; x_wconf 85' lang='lat' dir='ltr'>Pitboeus</span> 
     </span>
     <span class='ocr_line' id='line_1_43' title="bbox 280 3973 1389 4045; baseline 0.011 -28"><span class='ocrx_word' id='word_1_391' title='bbox 280 3986 333 4020; x_wconf 88' lang='lat' dir='ltr'>non</span> <span class='ocrx_word' id='word_1_392' title='bbox 350 3986 414 4033; x_wconf 77' lang='lat' dir='ltr'>opus</span> <span class='ocrx_word' id='word_1_393' title='bbox 432 3973 557 4022; x_wconf 88' lang='lat' dir='ltr'>stabulum</span> <span class='ocrx_word' id='word_1_394' title='bbox 575 3974 737 4039; x_wconf 78' lang='lat' dir='ltr'>substituere,</span> <span class='ocrx_word' id='word_1_395' title='bbox 764 3980 933 4041; x_wconf 76' lang='lat' dir='ltr'>spectaculum</span> <span class='ocrx_word' id='word_1_396' title='bbox 950 3977 1085 4042; x_wconf 81' lang='lat' dir='ltr'>Bartbius,</span> <span class='ocrx_word' id='word_1_397' title='bbox 1106 3977 1205 4030; x_wconf 82' lang='lat' dir='ltr'>delebat</span> <span class='ocrx_word' id='word_1_398' title='bbox 1223 3982 1254 4030; x_wconf 86' lang='lat' dir='ltr'>ad</span> <span class='ocrx_word' id='word_1_399' title='bbox 1273 3982 1389 4045; x_wconf 82' lang='lat' dir='ltr'>pabulum</span> 
     </span>
     <span class='ocr_line' id='line_1_44' title="bbox 281 4040 1388 4109; baseline 0.005 -16"><span class='ocrx_word' id='word_1_400' title='bbox 281 4040 416 4093; x_wconf 82' lang='lat' dir='ltr'>Iacobsius</span> <span class='ocrx_word' id='word_1_401' title='bbox 548 4053 606 4108; x_wconf 85' lang='lat' dir='ltr'>post</span> <span class='ocrx_word' id='word_1_402' title='bbox 622 4047 680 4109; x_wconf 91' lang='lat' dir='ltr'>quid</span> <span class='ocrx_word' id='word_1_403' title='bbox 699 4046 813 4098; x_wconf 77' lang='lat' dir='ltr'>litterula</span> <span class='ocrx_word' id='word_1_404' title='bbox 832 4048 916 4100; x_wconf 84' lang='lat' dir='ltr'>deleta</span> <span class='ocrx_word' id='word_1_405' title='bbox 933 4051 962 4100; x_wconf 91' lang='lat' dir='ltr'>in</span> <span class='ocrx_word' id='word_1_406' title='bbox 979 4051 1003 4099; x_wconf 88' lang='lat' dir='ltr'><em>L</em></span> <span class='ocrx_word' id='word_1_407' title='bbox 1142 4053 1173 4100; x_wconf 84' lang='lat' dir='ltr'>lb</span> <span class='ocrx_word' id='word_1_408' title='bbox 1193 4053 1325 4102; x_wconf 83' lang='lat' dir='ltr'>formosius</span> <span class='ocrx_word' id='word_1_409' title='bbox 1344 4053 1388 4100; x_wconf 90' lang='lat' dir='ltr'>dici</span> 
     </span>
     <span class='ocr_line' id='line_1_45' title="bbox 282 4112 1388 4188; baseline 0.006 -24"><span class='ocrx_word' id='word_1_410' title='bbox 282 4113 429 4178; x_wconf 75' lang='lat' dir='ltr'>tranuponit</span> <span class='ocrx_word' id='word_1_411' title='bbox 439 4112 597 4180; x_wconf 75' lang='lat' dir='ltr'>florilepium</span> <span class='ocrx_word' id='word_1_412' title='bbox 726 4128 829 4169; x_wconf 82' lang='lat' dir='ltr'>manent</span> <span class='ocrx_word' id='word_1_413' title='bbox 840 4121 999 4187; x_wconf 79' lang='lat' dir='ltr'>florilepiusn</span> <span class='ocrx_word' id='word_1_414' title='bbox 1153 4125 1183 4171; x_wconf 88' lang='grc'>16</span> <span class='ocrx_word' id='word_1_415' title='bbox 1204 4124 1297 4175; x_wconf 90' lang='lat' dir='ltr'>furtum</span> <span class='ocrx_word' id='word_1_416' title='bbox 1316 4139 1388 4188; x_wconf 86' lang='lat' dir='ltr'>quem</span> 
     </span>
     <span class='ocr_line' id='line_1_46' title="bbox 280 4185 974 4254; baseline 0.012 -18"><span class='ocrx_word' id='word_1_417' title='bbox 280 4187 420 4253; x_wconf 84' lang='lat' dir='ltr'>praemium</span> <span class='ocrx_word' id='word_1_418' title='bbox 437 4187 519 4254; x_wconf 87' lang='lat' dir='ltr'>potius</span> <span class='ocrx_word' id='word_1_419' title='bbox 539 4189 583 4237; x_wconf 82' lang='lat' dir='ltr'>erit</span> <span class='ocrx_word' id='word_1_420' title='bbox 602 4185 773 4239; x_wconf 88' lang='lat' dir='ltr'>Memmianns</span> <span class='ocrx_word' id='word_1_421' title='bbox 880 4193 930 4242; x_wconf 90' lang='lat' dir='ltr'>imo</span> <span class='ocrx_word' id='word_1_422' title='bbox 950 4195 974 4244; x_wconf 86' lang='lat' dir='ltr'><em>L</em></span> 
     </span>
    </p>
   </div>
   <div class='ocr_carea' id='block_1_7' title="bbox 0 0 1516 4956">
    <p class='ocr_par' dir='ltr' id='par_1_7' title="bbox 0 0 1516 4956">
     <span class='ocr_line' id='line_1_47' title="bbox 0 0 1516 4956; baseline 0 0"><span class='ocrx_word' id='word_1_423' title='bbox 0 0 1516 4956; x_wconf 95' lang='lat' dir='ltr'> </span> 
     </span>
    </p>
   </div>
  </div>
 </body>
</html>
