3078 4956
577 449 717 502 snrlunu

59 609 104 658 LO
239 605 304 666 talis
319 605 429 667 humus
445 606 586 666 Venerem
602 605 705 666 malles
722 605 856 667 clamavit
870 606 898 666 in
913 605 1032 680 herbas,

238 703 446 783 candidiorque
462 703 523 764 dies
539 711 653 764 secretu
668 703 738 764 favit
752 703 855 764 amori.

113 801 137 861 in
151 801 201 862 hnc
214 802 342 881 gramine
357 801 466 879 pariter
481 801 638 880 compositi
654 800 731 862 mille
747 801 854 860 esculis
870 800 1009 876 lusimus,
1030 810 1201 882 quaerentes

113 899 271 979 voluptatem
288 898 441 960 robustam

635 1009 655 1046 il·

79 1091 99 1142 L
158 1075 261 1166 ll‘quid
284 1074 341 1143 est'
360 1081 456 1161 inquit
471 1073 621 1160 ‘nunquid
641 1089 670 1143 te
691 1083 825 1144 osculum
846 1100 944 1142 meum
961 1080 1103 1145 offendit?
1122 1082 1271 1145 nun-128

85 1191 99 1240 6
113 1178 170 1256 quid
181 1179 299 1258 spiritus
311 1179 418 1240 ieiunio
430 1177 550 1240 macer?
565 1179 696 1258 nunquid
708 1180 816 1240 alarum
830 1179 981 1257 negligens
994 1179 1108 1244 sudor?
1118 1189 1200 1260 puto.

111 1276 130 1336 si
147 1277 212 1338 haec
231 1294 293 1338 non
314 1284 397 1349 sunt,
415 1277 547 1356 nunquid
571 1277 676 1338 Gitona
696 1269 820 1337 times‘l'
848 1278 985 1357 perfusus
1012 1298 1066 1358 ega
1093 1279 1201 1341 rubore

110 1375 248 1436 manifesto
264 1375 351 1437 etiam
368 1375 393 1435 si
409 1374 650 1454 quid'hahueranr
667 1374 786 1446 virium,
801 1375 924 1454 perdidi,
938 1384 1062 1456 totoque
1077 1397 1202 1457 corpore

111 1471 183 1532 veluti
197 1472 290 1533 laxato
303 1465 444 1552 ‘quaeso'
459 1473 576 1552 inquam
588 1465 717 1551 ‘regina,
733 1469 794 1532 noli
810 1473 962 1552 suggillare
977 1476 1120 1537 miserias.
1151 1494 1200 1536 ve-

71 1580 99 1629 10
112 1569 201 1630 reficio
217 1575 370 1632 contactus
387 1563 466 1632 sum’

636 1679 657 1719 n

177 1745 242 1827 ‘din
257 1753 386 1833 Chrysis,
402 1754 453 1815 sed
469 1772 584 1815 verum:
600 1752 732 1833 nunquid
748 1753 887 1815 indecens
903 1752 993 1816 sum?
1008 1756 1139 1835 nunquid
1154 1756 1200 1818 in-

111 1848 235 1929 compta?
256 1852 388 1931 nunquid
409 1852 444 1913 ah
464 1853 560 1930 aliquo
581 1852 705 1913 naturali
720 1852 789 1913 vitio
805 1851 930 1914 formam
946 1871 1041 1915 meam
1057 1851 1201 1915 excaeca?

111 1947 161 2008 nali
184 1949 315 2028 decipere
340 1950 489 2012 dominam
515 1961 604 2011 tuam.
644 1951 743 2011 neseio
771 1949 839 2028 quid
864 1944 1065 2028 peccavimus.³
1105 1952 1202 2032 rapuit

111 2045 201 2108 deiude
218 2048 326 2109 tacenti
340 2049 506 2128 speculum,
527 2057 556 2110 et
569 2055 728 2128 postquam
743 2065 847 2108 omnes
862 2048 958 2109 vultus
973 2050 1104 2121 tentavit,
1125 2068 1200 2128 quos

71 2157 98 2207 15
114 2144 178 2205 solet
200 2146 274 2207 inter
299 2154 432 2208 amantes
458 2147 535 2208 risus
555 2148 678 2224 fingere,
705 2147 833 2208 excussit
853 2154 983 2208 vexatam
1004 2147 1201 2209 solomonem

111 2245 258 2324 raptimque
277 2245 379 2306 aedem
400 2244 521 2306 Veneris
540 2244 663 2306 intravit.
698 2261 753 2321 ega
773 2251 874 2303 contra
894 2243 1049 2306 damnatus
1070 2253 1099 2307 et
1118 2246 1201 2326 quasi

172 2471 395 2538 leuppositieium
413 2469 546 2520 Iacohsius
565 2484 617 2520 esse
636 2467 714 2518 duait
837 2471 926 2517 humes
946 2468 972 2518 Ο.
1008 2471 1099 2520 humus
1118 2470 1201 2520 Vene-

110 2557 153 2590 rem
168 2544 191 2592 in
208 2547 300 2594 herbas
319 2545 410 2592 clamet
432 2541 538 2592 uidetur
560 2541 648 2592 ualere
667 2539 727 2588 hac:
746 2537 838 2589 humus
862 2538 955 2589 Veneri
972 2555 1077 2604 operam
1094 2539 1201 2592 daturas

109 2611 192 2663 inuitat
207 2622 235 2665 ut
251 2615 282 2664 in
299 2613 384 2663 herbis
403 2612 546 2664 cassidanl.
582 2613 681 2661 mollem
699 2611 827 2659 inclinauit
844 2611 870 2660 in
888 2612 993 2660 herbam
1011 2613 1118 2675 Deuca,
1137 2614 1200 2662 mol·

109 2683 138 2731 les
154 2685 272 2736 Venerem
290 2686 419 2735 inclinauit
436 2686 461 2732 in
480 2686 571 2733 herbas
583 2680 766 2733 Hadrianidea
873 2684 888 2730 2
908 2680 954 2730 hoa
972 2681 1025 2732 laco
1037 2683 1200 2748 praetermit-

110 2755 328 2808 cetenensium
345 2755 415 2805 unde
433 2771 519 2804 uersus
533 2755 569 2804 Vl
587 2753 756 2816 subscriptum
768 2750 801 2803 A.
838 2767 895 2802 eum
912 2768 1015 2804 uersum
1033 2761 1126 2818 quarto
1144 2753 1201 2806 sub·

109 2829 219 2890 sequentis
242 2827 367 2878 carminis
384 2827 474 2877 ueneni
487 2843 516 2890 p.
533 2827 590 2890 178,
605 2827 620 2874 6
639 2823 769 2874 subiciunt
785 2821 887 2887 nnus,
907 2825 995 2888 quinto
1013 2825 1126 2876 eiusdem
1144 2842 1201 2876 aar·

108 2897 171 2947 asinis
191 2900 280 2949 uersui
300 2916 329 2962 p.
347 2899 434 2961 178st
457 2897 516 2960 OE,
537 2895 618 2960 plane
641 2895 755 2944 amisisse
777 2893 883 2944 uidetur
906 2893 942 2948 D.
974 2912 1027 2960 pro
1049 2897 1202 2962 interpolato

109 2965 185 3019 lalus
205 2971 318 3020 Wehlius
336 2987 367 3034 p.
381 2972 416 3018 54
440 2969 482 3018 eui
505 2967 587 3017 miror
610 2967 704 3016 mirum
726 2965 818 3015 uocari
836 2967 1043 3030 canaparatiuum
1062 2971 1201 3030 candidior;

109 3055 184 3104 nempe
197 3043 281 3106 pulsis
299 3040 410 3092 nubibus
428 3038 568 3089 candidior
585 3035 768 3104 adfulsiidies
886 3039 955 3088 diues
973 3037 1003 3088 F
1107 3043 1202 3090 icon·

44 3107 50 3119 ‘
110 3115 167 3170 posui
185 3113 212 3162 F
315 3113 418 3161 lusimus
436 3127 483 3160 orn.
497 3109 582 3159 AEF.
618 3125 685 3174 quae
702 3115 824 3158 secuntur
841 3107 930 3171 uerba,
949 3110 1044 3161 rectius
1062 3125 1202 3174 separasse-

111 3181 139 3229 ris
159 3193 186 3233 ut
201 3193 263 3249 pote
287 3183 454 3249 singulariter
478 3189 600 3246 excerpta
733 3185 877 3243 querentem
902 3179 931 3229 F
1053 3185 1068 3230 4
1092 3183 1202 3232 lammae

110 3252 169 3316 tgna
185 3253 352 3318 hahentLpt.
376 3270 450 3303 curce
471 3271 506 3301 nr)
528 3267 683 3301 ronrnrsnvu
701 3250 730 3300 in
747 3249 835 3300 duma
848 3252 963 3316 papissae
984 3267 1063 3302 uersu
1075 3250 1107 3316 L,
1127 3269 1201 3301 cisse:

111 3339 138 3370 sn
153 3342 294 3376 rounmnmr
312 3325 342 3374 in
359 3325 476 3390 marpine
490 3332 523 3388 pt
659 3312 718 3372 e‘l.
737 3314 841 3370 mnrcet'
862 3339 950 3388 margo
969 3321 1003 3384 L,
1022 3339 1079 3372 scer
1094 3330 1202 3386 praeter

112 3408 188 3447 usrcct
205 3396 371 3460 Richardus,
391 3405 446 3446 acet
469 3394 627 3444 Wouucrius
643 3392 680 3442 nd
697 3391 847 3456 Sidonium,
866 3402 947 3443 maaet
966 3393 1101 3456 Gruterus,
1119 3401 1201 3442 mucel

112 3475 148 3515 au
160 3479 240 3520 mucel
259 3467 386 3518 Heinsius
510 3467 638 3530 negligens
657 3481 723 3513 carr.
735 3463 851 3528 sortasse
870 3479 902 3514 ec
920 3465 1032 3528 negligus
1051 3465 1076 3514 It

111 3540 178 3604 sudor,
194 3543 260 3590 Puto
279 3540 314 3602 L,
332 3540 423 3588 sudor?
435 3539 501 3587 Puto
508 3545 548 3602 pl.
573 3539 652 3585 Porro
669 3551 759 3600 margo
772 3542 782 3582 t
788 3551 796 3594 ;
815 3537 890 3584 sudor
907 3544 977 3599 putet
993 3535 1108 3600 lipsius,
1127 3535 1200 3584 sudo·

111 3622 152 3658 rem
161 3621 233 3675 puteo
243 3611 423 3672 Burmannus,
436 3610 526 3658 sudore
538 3615 613 3672 puteo
623 3607 758 3656 Antonius.
786 3605 938 3669 asapieabar
949 3608 1041 3656 sudor?
1054 3615 1098 3655 sut
1110 3607 1130 3655 si

113 3681 240 3732 lGuitons
259 3683 284 3732 L
376 3696 436 3744 ergo
454 3679 479 3729 L
578 3681 593 3728 8
612 3680 658 3727 uiri
675 3678 787 3727 incestus
806 3676 901 3742 aliquis
988 3680 1003 3727 9
1024 3679 1091 3728 uelut
1099 3683 1133 3741 pt

111 3749 180 3802 luxato
198 3754 410 3819 Imsqernsunnus
517 3750 639 3814 siggillare
656 3755 782 3799 mutatum
799 3748 828 3796 in
846 3746 998 3813 sugillareL
1099 3750 1132 3799 10
1152 3755 1204 3800 ires

113 3825 228 3874 carneos
246 3824 285 3888 L,
308 3840 390 3873 unum
405 3829 437 3885 pl
453 3820 553 3873 hahent.
590 3837 663 3869 cmcn
682 3821 710 3869 in
721 3820 778 3884 fine
795 3833 886 3869 caereus
904 3817 1013 3882 adponit
1029 3817 1068 3883 L,
1087 3819 1116 3870 in
1133 3837 1203 3870 mar·

111 3892 156 3952 pne
168 3903 199 3959 pt
308 3899 340 3944 ll
361 3895 464 3954 chrisis,
481 3909 534 3942 nan
552 3892 654 3957 Chrysis
673 3897 819 3940 emumnter
835 3897 908 3940 setus
922 3889 1023 3941 Pitheci
1130 3909 1202 3942 nnm-

114 3967 157 4023 quid
173 3969 289 4029 incomta,
308 3966 428 4030 numquid
446 3966 563 4014 indecens
576 3979 630 4011 sum
643 3961 723 4014 Bern.
737 3961 870 4011 Martinus
962 3965 992 4010 tn
1013 3969 1124 4012 usnemun
1141 3980 1203 4013 rur·

114 4048 156 4084 mn
176 4040 366 4102 epitonsatarem
388 4036 434 4101 qui
456 4052 513 4085 cum
532 4033 691 4082 Petrensium
706 4033 768 4098 sere
792 4031 855 4082 haec
879 4031 971 4097 legeret
996 4035 1101 4082 fonnem
1120 4035 1204 4083 haben

115 4119 264 4170 cumessam,
282 4108 382 4174 redegit
399 4121 431 4156 ea
448 4107 477 4155 in
495 4105 694 4155 munnanouem
712 4103 814 4153 manino
832 4101 971 4153 barbaram
1080 4107 1112 4154 tn
1132 4106 1204 4152 deee-

115 4181 199 4236 pereL
307 4183 340 4230 15
359 4181 427 4229 nisus
447 4179 548 4228 Dorcea.
577 4176 694 4241 fmussse
713 4189 771 4224 usus
879 4177 970 4240 lingere
986 4173 1118 4240 (inspersus
1137 4175 1203 4224 tren-

116 4261 161 4307 gere
177 4251 234 4302 libri

158 4332 248 4377 Petronii
262 4333 343 4378 ultra·
972 4329 1004 4380 12
