3008 4962
288 406 364 448 Xffl

290 541 424 605 omnibns
437 539 635 620 supplementa
646 529 805 600 ‘eutremoe
819 538 953 599 editionis
974 556 1013 600 eac
1027 535 1195 600 macecol).
1211 537 1328 620 Iosepbi
1341 539 1409 601 An·

290 653 364 713 111111·
378 647 509 711 Gonsalii
523 649 555 708 de
569 637 666 710 Salos'
677 645 871 726 Francafurti
884 664 962 706 anua
976 643 1065 708 1629
1079 649 1200 706 emissae
1212 651 1260 708 cui
1271 628 1413 710 Gonsalii

291 767 450 820 commenta
473 767 500 818 et
513 754 653 836 Casperio
667 754 797 834 Sciappii
814 753 946 834 symbola
968 757 1069 815 om'tico
1091 753 1266 826 adbaerent,
1289 760 1412 818 tametsi

291 867 329 930 ad
346 869 478 947 primum
492 864 614 926 illorum
629 864 699 924 dum
716 863 817 926 ancille
832 862 968 924 restitens
983 863 1013 924 in
1029 863 1100 924 haec
1114 863 1211 943 erupit
1222 882 1254 942 p.
1273 863 1345 934 143,
1365 865 1409 924 14

290 978 348 1056 ipse
362 973 516 1036 Gonsolius
526 973 596 1034 baec
612 972 762 1032 adnotavit
772 960 933 1042 ‘sublestae
948 980 1069 1050 utputo,
1081 971 1151 1050 fidei
1160 971 1238 1032 istud
1247 973 1408 1051 [119111111-

291 1094 351 1144 tum
361 1081 514 1143 Parisinae
529 1080 660 1141 editionis
674 1077 746 1139 mibi
760 1081 821 1138 iam
835 1096 927 1157 supra
943 1068 1090 1138 laudatce'
1107 1083 1192 1158 (puae
1208 1082 1411 1158 1111111111

291 1189 533 1259 Bourdelotiana,
553 1205 612 1248 noro
633 1197 723 1268 potest
742 1205 799 1246 esse
819 1190 878 1246 nisi
891 1205 978 1266 quam
992 1190 1023 1246 in
1039 1198 1190 1266 conspectu
1206 1192 1290 1250 totitas
1305 1193 1410 1268 operis

287 1298 440 1379 praedicat
460 1296 609 1358 Lmetianc
629 1297 713 1357 editio
730 1299 803 1356 anni
816 1292 901 1354 1595
916 1293 989 1355 mibi
1006 1296 1168 1374 inoopnita)
1181 1287 1238 1358 ‘bic
1260 1296 1331 1358 baut
1344 1301 1406 1358 im—

287 1415 413 1487 portune
440 1409 531 1468 inseri
549 1408 631 1486 passi
651 1422 759 1464 mmus.
797 1403 873 1482 puod
895 1403 1024 1482 deinceps
1045 1414 1072 1464 ct
1093 1403 1161 1464 abiis
1183 1405 1350 1466 condonare
1372 1410 1408 1466 in

292 1515 389 1575 animo
410 1512 559 1585 babemus,
585 1512 645 1573 illis
665 1514 820 1591 praecipue
839 1529 911 1591 puae
927 1514 1022 1590 prisci
1038 1530 1138 1572 seruus
1156 1516 1297 1574 nimirum
1308 1532 1406 1594 prae-

293 1622 379 1684 beant
392 1621 510 1702 aliquod
524 1624 576 1682 etsi
586 1620 725 1682 levidense
740 1621 897 1698 oestipium.
921 1620 997 1698 quod
1010 1618 1098 1680 semel
1111 1619 1157 1680 bic
1172 1655 1212 1664 -
1227 1639 1297 1682 nam
1308 1640 1407 1701 supra

292 1730 358 1794 aliis
378 1730 473 1794 lacum
487 1748 576 1811 nsque
597 1729 690 1792 adbuc
710 1747 770 1790 non
788 1729 910 1808 fecimus
924 1726 1114 1790 --lectorem
1137 1747 1316 1790 commonere
1331 1734 1407 1792 satis

292 1844 336 1912 sit,
351 1852 558 1922 praeterquam
576 1839 651 1920 quod
662 1843 725 1918 ipso
738 1837 938 1898 oboracternm
951 1836 1094 1917 differitas
1107 1840 1256 1916 sipnanter
1271 1837 1404 1900 abunda-

292 1967 345 2030 pue
361 1950 500 2030 propalet
518 1951 652 2028 spurium
672 1949 803 2025 ipsarum
822 1935 936 2023 penus'.
967 1961 1056 2024 nepae
1075 1947 1172 2006 miuus
1193 1949 1274 2026 turpi
1298 1964 1402 2008 errore

292 2067 440 2136 tamqnam
455 2055 638 2117 scbob'astam
653 2063 776 2114 veterem
791 2050 929 2112 Boscbius
944 2062 969 2111 et
984 2051 1174 2113 burmannus
1188 2063 1215 2113 et
1228 2056 1402 2117 recentiores

294 2163 403 2244 aliquot
418 2163 611 2226 observabant
625 2160 785 2241 Rutperum
800 2158 1029 2221 Hermonnidem
1045 2164 1094 2239 pai
1107 2160 1284 2240 plassarium
1299 2161 1399 2225 Patro-

293 2275 415 2334 m'anum
429 2272 505 2333 male
521 2270 705 2352 compilatam
720 2287 757 2330 ea
773 2267 928 2330 Woarverii
940 2278 966 2329 et
978 2266 1108 2329 Goldosti
1118 2273 1329 2330 commentariis
1339 2289 1399 2350 pu-

295 2379 411 2441 blicavit
426 2382 559 2461 primum
581 2377 715 2440 simulato
736 2381 851 2439 nomine
865 2376 999 2456 bupduni
1012 2375 1193 2437 batavorum
1212 2375 1400 2449 1111111645,

294 2500 354 2551 tum
369 2487 573 2551 amstelodami
593 2483 781 2548 1111111663.
813 2487 895 2546 onius
916 2489 1115 2547 anctoritatem
1134 2503 1172 2545 en
1191 2503 1250 2546 uno
1265 2486 1330 2547 volo
1345 2505 1399 2548 eac·

293 2597 386 2678 amplo
411 2600 551 2677 perspici:
580 2594 732 2657 Goldastus
756 2597 832 2654 onim
851 2594 897 2678 od
918 2612 950 2673 p.
974 2593 1026 2666 12,
1049 2595 1083 2654 11
1110 2583 1283 2674 ‘sipnificat'
1309 2597 1402 2675 inpm't

290 2698 399 2785 ‘aperte
419 2707 577 2785 sopitivum
591 2705 675 2766 illam
690 2708 722 2764 in
737 2721 860 2764 oronam
875 2704 1045 2763 damnatum
1060 2712 1086 2762 et
1100 2720 1165 2762 cum
1178 2702 1267 2782 foedo
1280 2703 1403 2764 mulcere

295 2813 394 2892 aliqua
417 2815 599 2873 commissum
619 2815 708 2871 raino
720 2814 861 2890 pepmatis
875 2818 992 2888 praeter
1011 2828 1090 2889 spem
1108 2813 1239 2871 evasisse.
1269 2809 1345 2890 lips.
1369 2813 1402 2872 de

296 2917 495 2999 ompbitbeatr.
517 2938 579 2999 cap.
601 2909 669 2991 23³,
689 2918 833 2998 plassator
854 2917 959 2978 scilicet
974 2917 1117 2997 planioris
1140 2936 1256 2998 compos
1273 2918 1424 2982 Petronii-

294 3018 552 3108 [actus‘fnpitivus
571 3030 602 3088 in
623 3044 744 3088 arenam
765 3028 919 3088 damnatus
941 3036 968 3086 et
987 3045 1052 3087 cum
1065 3027 1153 3106 foeda
1167 3026 1266 3106 aliqua
1281 3027 1402 3090 muliere

296 3138 474 3210 commissus,
490 3154 561 3216 puae
573 3145 693 3216 praeter
708 3153 785 3214 pem
800 3138 889 3195 ruina
900 3138 1041 3214 pepmotis
1057 3126 1169 3196 ovasit’.
1198 3134 1300 3196 Simon
1313 3136 1404 3198 Abbes

298 3243 443 3307 Gobbema
464 3262 551 3325 potam
570 3241 716 3306 Vltraiecti
731 3244 768 3304 ad
782 3241 915 3304 Rbenum
930 3261 1006 3304 auno
1023 3240 1108 3304 test
1124 3247 1240 3305 curavit
1253 3245 1404 3306 editionem

291 3359 486 3438 praeterirem
500 3353 621 3424 silerm'o,
637 3356 696 3414 nisi
708 3371 772 3414 eam
787 3370 815 3413 se
827 3371 885 3414 esse
895 3361 1022 3413 secutum
1033 3349 1231 3414 Hadrianides
1242 3363 1403 3414 testaretur.

295 3467 389 3545 itapu
411 3465 479 3526 dum
498 3474 636 3544 excerpta
649 3461 827 3524 Petroniana
847 3473 913 3541 quot
931 3465 963 3522 in
979 3459 1026 3521 to
1045 3463 1234 3540 reperiuntur
1248 3463 1406 3522 secundum

297 3571 529 3634 Patissouiaaam
541 3581 748 3650 propapoutur
763 3589 782 3632 a
798 3568 931 3632 Goldasto
947 3567 1132 3630 Bosardelotio
1146 3566 1281 3630 Gausab‘o
1296 3573 1402 3630 immu-

297 3687 396 3748 tatam,
412 3677 548 3738 illariuus
566 3676 698 3738 Statilius
714 3677 737 3738 Τ
735 3681 914 3756 capariensis
928 3696 967 3737 ecc
983 3675 1151 3738 bibliotbeca
1165 3675 1283 3738 Nicolai
1296 3675 1408 3757 Cippici

298 3787 451 3862 municipis
470 3795 496 3844 et
516 3787 603 3844 amici
621 3789 668 3846 sni
683 3789 834 3862 protraalt
849 3803 949 3846 11111111
966 3782 989 3843 Τ
987 3783 1167 3846 m‘molciouis
1179 3782 1218 3853 Η,
1235 3787 1318 3844 cuius
1332 3802 1404 3864 apo-

296 3890 429 3972 prapbou
455 3894 615 3952 inventoris
639 3910 728 3953 mauu
755 3895 915 3972 coniectum
935 3903 961 3953 et
980 3890 1104 3952 Romam
1121 3895 1242 3953 missum
1256 3883 1406 3953 ‘correctis
1498 3929 1499 3942 1

298 3999 451 4061 dumtaxat
471 3997 620 4060 uouuerllis
638 4000 826 4078 pravioribus
845 3999 1068 4080 ortboprapbioe
1086 3991 1212 4062 mmdis'
1232 4003 1263 4058 ia
1286 3999 1404 4078 publico
1498 3989 1499 3994 ’

293 4109 448 4188 proposuit
462 4105 605 4170 Patavina
620 4110 695 4188 tppis
708 4107 797 4170 Pauli
809 4107 972 4169 Frambotti
984 4126 1123 4186 cupresso
1137 4126 1215 4168 anno
1230 4105 1325 4168 teet.
1356 4125 1404 4168 re-

294 4218 376 4298 petiit
389 4213 563 4278 Patauinum
578 4233 701 4296 suasque
716 4218 819 4280 adiacet
829 4208 1078 4295 ἐπανορθώσεις
1087 4226 1113 4277 11
1124 4218 1304 4276 coniecturas
1314 4213 1404 4276 Iocu—
1498 4267 1499 4274 ,
