3022 4956
294 419 353 483 102
763 409 923 466 rnraomr

290 572 409 638 basiavi.
438 577 469 634 at
486 569 533 634 ille
552 568 793 651 circumspiciens
811 575 845 632 ut
864 567 1006 630 cervicem
1026 587 1123 632 meam
1139 567 1235 633 iunxit
1254 567 1430 650 amplexui

286 660 410 750 “rogo'’
425 668 522 750 inquit
532 658 682 744 “domiue,
696 667 747 730 ubi
762 675 809 730 est
822 658 985 730 astruool''

830 777 852 818 a

235 859 276 924 87
376 873 444 916 curn
460 853 499 915 oh
513 853 590 914 hane
605 853 748 914 offensam
763 851 987 932 praeclusissem
1000 850 1071 912 mihi
1083 850 1203 924 aditum,
1220 869 1311 930 quem
1323 851 1400 912 feee-

289 971 368 1026 ram,
393 954 500 1014 iterum
523 952 558 1013 ad
579 951 723 1014 licentiam
743 950 825 1012 redii.
859 950 1043 1030 interpositis
1063 950 1140 1011 enim
1161 950 1264 1029 paucis
1286 950 1399 1023 diebus,

291 1070 359 1114 eum
380 1049 485 1112 similis
505 1067 592 1112 casus
611 1069 667 1112 nos
686 1051 717 1112 in
737 1049 860 1110 eandem
879 1048 1029 1110 fortunam
1045 1047 1203 1122 retulisset,
1223 1055 1257 1110 ut
1270 1048 1427 1109 intellexit

292 1157 415 1212 stertere
431 1156 560 1228 patrem,
580 1165 684 1228 rogare
699 1147 783 1228 coepi
798 1147 959 1228 ephebum,
974 1154 1008 1209 ut
1022 1153 1216 1208 reverteretur
1231 1144 1400 1226 ingratiam

292 1267 422 1322 mecum,
442 1247 471 1308 id
491 1254 536 1308 est
556 1253 589 1307 ut
602 1253 750 1326 peteretur
765 1246 900 1308 satisfieri
915 1245 986 1320 sibi,
1006 1251 1035 1305 et
1050 1250 1143 1305 cetera
1159 1263 1232 1324 quae
1245 1244 1342 1306 libido
1358 1244 1401 1306 di-

292 1352 389 1408 stenta
410 1345 508 1406 dictet.
538 1351 568 1406 at
585 1345 632 1406 ille
648 1345 734 1425 plane
752 1344 843 1406 iratus
863 1345 936 1407 nihil
949 1345 1027 1408 aliud
1042 1343 1156 1406 dicebat
1169 1343 1227 1404 nisi
1240 1344 1317 1406 hoc:
1329 1335 1401 1406 “aut

292 1444 400 1516 dormi,
416 1450 467 1504 aut
481 1462 535 1522 ego
550 1444 609 1506 iam
624 1444 718 1506 dicam
734 1433 838 1523 patri.''
863 1443 935 1504 nihil
950 1450 995 1506 est
1009 1452 1069 1506 tam
1086 1441 1224 1516 arduum,
1239 1444 1325 1522 quod
1340 1461 1400 1504 non
1508 1509 1509 1512 ,

291 1541 463 1623 improbitas
479 1549 657 1621 extorqueat.
682 1543 752 1604 dum
764 1540 847 1602 dicit:
858 1532 991 1622 “patrem
1008 1532 1166 1614 excitabo'',
1181 1541 1289 1620 irrepsi
1300 1550 1400 1603 tamen
1417 1549 1442 1600 to

292 1649 323 1703 et
337 1641 411 1702 male
425 1641 601 1720 repugnanti
616 1642 755 1721 gaudium
771 1641 889 1702 extorsi.
913 1648 942 1702 at
955 1640 1002 1702 ille
1015 1659 1077 1702 non
1089 1639 1281 1702 indelectatus
1293 1641 1401 1721 nequi-

290 1741 330 1803 tia
350 1759 430 1814 mea,
449 1747 608 1819 postquam
628 1738 678 1800 diu
698 1745 819 1817 questus
840 1747 886 1800 est
905 1739 1060 1819 deceptum
1081 1758 1114 1802 se
1132 1746 1160 1801 et
1180 1739 1313 1802 derisum
1341 1747 1402 1802 tra·

291 1840 470 1918 ductumque
489 1838 565 1900 inter
590 1836 822 1915 condiscipulos,
851 1836 957 1917 quibus
982 1837 1120 1900 iactasset
1142 1856 1264 1900 censum
1288 1858 1400 1912 meum,

286 1928 414 1998 “rideris
429 1926 543 1997 tamen''
558 1935 654 2014 inquit
664 1925 747 1996 “non
762 1956 812 1997 ero
828 1935 871 1998 tui
886 1935 1000 1998 similis.
1022 1937 1049 1999 si
1059 1936 1128 2016 quid
1140 1937 1192 2010 vis,
1205 1937 1253 1998 lac
1263 1928 1401 2000 berum?

291 2053 345 2114 eqo
365 2053 435 2096 vero
457 2034 590 2112 deposita
610 2033 693 2094 omni
712 2035 825 2096 ollensa
846 2053 913 2095 eum
929 2053 1021 2114 puero
1035 2034 1068 2096 in
1083 2034 1203 2114 gratiam
1218 2035 1292 2098 redii
1307 2055 1399 2099 usus·
1417 2044 1443 2095 tt

292 2150 348 2213 que
363 2132 504 2193 beneficio
520 2132 584 2192 eius
599 2130 630 2192 in
645 2149 784 2194 somnum
801 2130 939 2210 delapsus
955 2152 1031 2194 sum.
1061 2134 1113 2194 sed
1127 2152 1189 2196 non
1203 2133 1260 2196 init
1273 2143 1401 2197 conten·
1509 2133 1510 2136 ’

290 2237 340 2291 tus
354 2229 506 2292 iteratione
521 2230 651 2311 ephebus
666 2230 769 2310 plenae
784 2231 958 2293 maturitatis
974 2239 1002 2292 et
1016 2233 1102 2294 annis
1117 2232 1153 2294 ad
1165 2231 1339 2312 patiendum
1351 2253 1401 2313 ge·

292 2327 458 2390 stientibus.
490 2329 587 2409 itaque
612 2329 744 2391 excitarit
768 2348 816 2390 me
840 2330 970 2410 sopitum
996 2337 1025 2391 et
1045 2323 1216 2412 “numquid
1239 2323 1335 2394 eis?''
1354 2332 1401 2394 in·

292 2427 363 2507 quit.
386 2433 415 2488 et
428 2445 490 2489 non
504 2428 591 2508 plane
606 2427 665 2488 iam
681 2427 840 2488 molestum
852 2435 912 2489 erat
924 2446 1042 2490 munos.
1065 2437 1213 2510 uteunque
1224 2431 1315 2509 igitur
1327 2430 1403 2493 inter

291 2525 435 2588 anhelitus
455 2528 637 2607 sudoresque
655 2525 758 2598 tritus,
777 2527 856 2606 quod
877 2527 1019 2604 voluerat,
1039 2529 1164 2610 aceepit,
1184 2547 1352 2610 rursusque
1370 2531 1400 2592 in
1416 2538 1443 2589 to

292 2644 432 2687 sumnum
453 2625 547 2687 decidi
563 2623 668 2703 gaudio
682 2623 787 2685 lassus.
817 2625 991 2705 interposita
1005 2626 1103 2688 minus
1118 2627 1192 2688 hora
1206 2646 1340 2708 pungere
1355 2649 1402 2691 me

291 2743 383 2787 manu
399 2724 497 2804 eoepit
511 2731 539 2785 et
554 2724 663 2786 dicere:
674 2713 786 2801 “quare
800 2740 863 2784 non
876 2715 1042 2785 facimusl''
1072 2732 1135 2787 tum
1152 2745 1206 2804 ego
1222 2728 1332 2789 totiens
1350 2748 1401 2790 ex·

292 2821 395 2883 citatus
411 2823 497 2901 plane
512 2824 699 2885 vehementer
713 2822 854 2884 excandui
873 2830 902 2885 et
916 2823 1029 2884 reddidi
1048 2823 1088 2884 ilii
1108 2843 1196 2888 voces
1217 2844 1300 2888 suas:
1325 2817 1402 2890 “aut

292 2917 398 2992 dormi,
415 2927 465 2982 aut
479 2940 532 3000 ego
550 2921 608 2983 iam
623 2920 698 3001 patri
714 2910 832 2982 dioam''

307 3163 313 3176 ,
365 3121 377 3167 1
399 3119 590 3183 circunspicions
609 3121 634 3169 L
740 3120 821 3170 uinxit
839 3119 934 3184 aliquis
1032 3122 1156 3185 amplexui
1169 3129 1203 3186 pt
1298 3126 1314 3172 3
1335 3123 1402 3176 duos

226 3253 229 3262 Ι
291 3189 423 3240 namnetes
437 3191 579 3254 praeponit
595 3191 633 3254 L,
652 3207 767 3255 wnamp
786 3199 811 3240 et
826 3191 855 3242 in
873 3207 1053 3242 coenonema
1071 3201 1082 3242 t
1223 3197 1240 3243 4
1257 3193 1321 3245 baec
1340 3196 1403 3246 libri

290 3277 342 3312 non
362 3268 448 3327 pateat
469 3261 533 3326 quin
557 3263 676 3313 mutilata
694 3261 837 3326 exhibeant,
857 3263 921 3328 quia
938 3279 999 3312 mox
1016 3272 1100 3313 tamen
1118 3265 1206 3315 iterum
1226 3274 1273 3316 aut
1290 3270 1340 3317 alia
1360 3270 1402 3318 uie

283 3334 392 3401 flopitat
408 3334 569 3388 narrationis
588 3335 741 3385 continuitas
867 3337 882 3383 5
901 3349 948 3384 nos
966 3351 1037 3385 cesus
1056 3343 1229 3399 transponunt
1241 3346 1275 3402 pt

290 3407 427 3456 reduxisset
439 3404 464 3455 I.
477 3405 509 3455 F.
522 3405 669 3456 Grorwuiue
760 3409 774 3455 6
789 3413 890 3456 stertere
902 3413 932 3455 ut
942 3405 971 3456 in
981 3407 1038 3470 fine
1051 3423 1063 3456 s
1074 3406 1199 3459 uideatur
1211 3408 1294 3460 deleta
1302 3409 1329 3459 L

290 3485 318 3526 ut
335 3484 461 3540 pateretur
473 3473 484 3547 Η
495 3486 622 3542 peteretur
640 3479 666 3528 L
757 3480 771 3526 9
789 3479 852 3534 ¹nihil
870 3485 922 3527 tem
940 3480 1045 3528 arduum
1063 3487 1100 3528 cst
1112 3481 1178 3542 quod
1190 3496 1242 3530 non
1252 3481 1402 3545 improbitas

290 3590 436 3644 extorqueat
454 3581 548 3633 hubent
558 3583 717 3650 florilegium
728 3583 881 3633 Parisinnrn
899 3592 924 3634 et
940 3583 1087 3636 Vincentius
1104 3585 1180 3638 Beier.
1193 3587 1209 3641 l.
1222 3602 1243 3636 a.
1262 3594 1287 3636 et
1302 3587 1333 3637 in
1343 3603 1402 3652 epe-

291 3651 346 3701 cnlo
365 3651 503 3702 doctrinali
519 3654 567 3705 IV
577 3659 610 3705 17
629 3653 673 3704 not
685 3655 833 3704 Duaeeneia
848 3656 910 3705 nihil
922 3662 1006 3706 tamen
1018 3663 1070 3706 tam
1082 3659 1186 3707 arduum
1279 3659 1311 3708 10
1327 3651 1401 3708 ‘Lib

289 3715 423 3784 improbus’
444 3739 534 3789 marqo
551 3726 584 3775 L.
621 3727 794 3789 importunitas
813 3726 860 3776 alii
877 3727 962 3776 nmeio
980 3728 1025 3792 qni
1128 3731 1159 3778 13
1178 3745 1282 3780 censum
1299 3730 1403 3780 Daniel

290 3800 313 3841 et
331 3790 495 3843 bichardus.-
514 3811 613 3846 sensum
631 3796 692 3847 libri
798 3813 870 3846 suum
888 3797 913 3848 Ι.
927 3797 960 3851 F.
975 3798 1122 3848 Gronouiae
1240 3804 1273 3850 14
1292 3802 1362 3852 uides
1382 3809 1400 3864 t,

289 3879 342 3912 non
364 3861 392 3916 Τ.
418 3865 474 3913 uide
494 3866 527 3914 sis
544 3866 690 3918 Palmen'ns
826 3872 857 3918 15
876 3870 937 3918 redii
974 3890 988 3918 a
1027 3878 1133 3933 usqnet
1158 3888 1215 3922 cum
1233 3871 1401 3936 Memmiana,
1448 3877 1451 3884 “

289 3935 368 3983 redii.
382 3949 459 3997 usque
477 3934 517 3984 L.-
535 3954 641 4002 ususque
657 3955 694 4004 p,
717 3956 806 4006 marqc
828 3948 848 4004 t,
874 3939 1015 3993 Peneon
1046 3949 1156 4004 praeter
1173 3959 1254 3994 anam
1270 3942 1402 4010 syllabam

289 4018 355 4070 quae
374 4003 463 4054 deerat
480 4006 556 4057 etiam
573 4011 654 4061 ueteri
672 4010 773 4061 Pitboea'
790 4011 876 4062 obeam
892 4012 960 4062 nibil
978 4011 1076 4078 conflato
1195 4015 1226 4063 18
1245 4030 1286 4064 mc
1304 4015 1401 4064 excita·

288 4077 324 4124 uit
342 4074 450 4125 ineant
467 4083 477 4126 t
603 4084 634 4131 19
653 4083 727 4146 igitur
740 4099 771 4147 p,
789 4099 878 4149 marqo
898 4090 920 4133 t.-
937 4085 957 4133 is
976 4090 1001 4144 t,·
1020 4100 1067 4137 ont.
1086 4085 1111 4133 L
1240 4087 1273 4135 20
1292 4091 1358 4134 tutus
1381 4094 1400 4150 t,

287 4163 340 4197 non
362 4144 388 4196 Τ
491 4164 624 4215 rursusque
643 4167 675 4203 ea
693 4169 825 4219 russusque
844 4171 911 4205 corr.
924 4154 949 4206 L
967 4171 1035 4220 quae
1049 4162 1134 4220 potest
1149 4156 1281 4222 scriptura
1294 4155 1401 4222 prima-

287 4218 324 4271 rii
340 4215 401 4269 tttn'
410 4216 499 4285 sumre
589 4225 622 4272 22
642 4219 894 4278 txeitttustn'tesn
984 4229 1019 4276 24
1037 4222 1118 4278 dicim
1135 4223 1200 4294 pitri
1213 4227 1247 4294 L,
1266 4235 1291 4282 et
1302 4227 1400 4294 prieti·
