3022 4956
562 445 705 500 sarman
854 432 856 438 ’
1125 447 1184 512 125

67 622 159 672 tsuos
181 607 266 668 Gallia
287 605 364 666 cives
382 611 480 684 putet:
506 611 645 684 tanquam
663 603 712 665 hic
732 603 813 664 solus
833 603 915 664 color
939 603 1061 682 figuram
1088 604 1186 684 possit

96 713 243 785 pervertere
263 713 291 765 et
309 721 370 765 non
390 703 480 764 multa
493 721 552 764 una
568 709 704 782 oporteat
719 701 904 763 consentiant
921 704 1043 780 [elnon]
1060 705 1184 776 ratione,

95 815 122 865 ut
134 803 310 865 mendacium
331 809 457 864 constet.
486 809 556 882 puta
576 802 713 863 infectam
736 800 928 862 medicamine
948 801 1051 863 faciem
1073 803 1183 864 diutius

96 903 187 962 durare
206 921 310 982 posse3
337 902 413 980 finge
438 919 492 962 nec
511 919 602 981 aquae
622 899 804 979 asperginem
829 901 1035 980 imposituram
1060 901 1184 982 aliquam

71 1015 83 1063 t
97 1001 201 1079 corpori
215 1001 366 1075 maculam,
378 1018 432 1062 nec
443 1008 551 1062 vestem
563 1005 727 1061 atramento
739 999 941 1072 adhaesuram,
957 996 1036 1080 quod
1046 1001 1186 1082 frequen-

96 1106 132 1158 ter
151 1100 232 1159 etiam
253 1116 315 1160 nou
330 1100 471 1161 accersito
485 1100 645 1162 ferrumine
660 1099 801 1177 infigitur:
817 1117 883 1178 age,
906 1098 1048 1178 numquid
1064 1108 1094 1161 et
1107 1100 1187 1162 labra

96 1215 241 1276 possumus
264 1206 382 1259 tumore
396 1198 566 1259 taeterrimo
581 1195 725 1278 implere?
744 1197 885 1277 numquid
906 1206 936 1259 et
955 1196 1049 1260 crines
1069 1199 1186 1260 calami-

97 1305 147 1355 stro
162 1295 350 1358 convertere?
381 1298 523 1377 numquid
540 1305 569 1358 ct
582 1297 698 1357 frontes
714 1295 896 1358 cicatricibus
912 1294 1067 1358 scindere?
1097 1317 1187 1358 nunr-

97 1395 154 1472 quid
174 1402 201 1455 et
221 1415 305 1457 crura
325 1396 354 1456 iu
371 1392 638 1474 orbempandere‘?
667 1393 811 1473 numquid
827 1403 856 1456 et
870 1396 943 1457 talos
959 1397 995 1457 ad
1010 1403 1118 1457 terram
1135 1396 1188 1457 de-

61 1502 83 1550 tt
97 1491 208 1554 docere?
237 1494 381 1572 numquid
397 1492 551 1554 etharbam
564 1491 716 1572 peregrina
727 1493 840 1553 ratione
852 1492 1000 1571 figurare?
1030 1496 1112 1557 color
1127 1503 1187 1558 arte

96 1593 263 1673 compositus
279 1592 411 1671 inquinat
426 1609 545 1670 corpus,
562 1610 624 1652 non
639 1598 741 1654 mutat.
771 1591 876 1665 audite,
893 1593 962 1671 quid
978 1593 1105 1655 dementi
1117 1593 1186 1655 suc-

97 1692 220 1754 currerit:
241 1692 434 1771 praeligemus
454 1691 584 1752 vestibus
612 1692 705 1771 capita
730 1699 759 1752 et
777 1709 834 1751 nos
854 1690 885 1750 in
904 1691 1086 1770 profundum
1107 1711 1187 1753 mer-

96 1785 201 1868 gamus?
228 1785 277 1852 ‘nc
288 1789 368 1850 istud
383 1789 422 1849 dii
437 1789 633 1869 hominesque
644 1781 802 1870 patiantur'
816 1790 979 1869 Eumolpus
991 1791 1132 1852 exclamat
1142 1780 1187 1852 ‘ut
1198 1791 1256 1853 103

97 1907 139 1950 ros
153 1897 210 1951 tam
225 1888 305 1968 turpi
321 1889 399 1950 exitu
414 1887 501 1950 vitam
517 1889 634 1950 liniatis.
664 1889 756 1950 immo
772 1889 872 1968 potius
883 1888 978 1960 facite,
996 1889 1075 1968 quod
1087 1889 1184 1951 iubeo.

61 1999 83 2048 15
96 1989 278 2050 mercenarius
293 2006 387 2061 meus,
403 1995 436 2049 ut
450 2007 485 2048 ex
499 1989 640 2050 novacula
653 1987 849 2068 comperistis,
864 1995 970 2050 tonsor
981 1995 1039 2049 est:
1055 1989 1103 2050 hic
1115 2007 1187 2051 con-

96 2086 166 2147 tinuo
186 2087 266 2149 radat
286 2087 439 2166 utriusque
458 2105 520 2149 non
535 2088 631 2150 solum
647 2087 755 2166 capita,
776 2087 827 2148 sed
843 2087 930 2148 etiam
946 2087 1108 2166 supercilia.
1138 2099 1190 2148 se-'

97 2199 157 2261 quar
169 2204 220 2264 ego
235 2183 349 2246 frontes
365 2192 472 2246 notans
487 2186 681 2268 inscriptione
698 2185 815 2258 sollerti,
832 2193 864 2246 ut
879 2185 1034 2248 videamini
1051 2187 1187 2264 stigmate

96 2299 150 2341 esse
163 2283 264 2362 puniti.
295 2283 332 2345 ita
349 2283 467 2344 eaedem
479 2284 588 2346 litterae
600 2294 628 2347 ct
639 2284 833 2363 suspitionem
847 2285 1032 2348 declinabunt
1044 2303 1186 2367 quaeren-

94 2379 154 2440 tium
170 2389 197 2442 et
211 2381 310 2443 vultus
326 2382 430 2443 umbra
446 2383 580 2462 supplicii
594 2375 710 2461 tegent.³

60 2483 83 2532 20
167 2497 226 2540 non
242 2488 288 2542 est
303 2480 388 2543 dilata
403 2482 522 2555 fallacia,
540 2481 592 2542 sed
607 2481 643 2541 ad
658 2481 735 2543 latus
751 2481 854 2561 navigii
869 2480 971 2542 furtim
984 2482 1186 2562 processimus

95 2577 231 2658 capitaque
247 2599 314 2641 cum
331 2581 496 2660 superciliis
512 2580 684 2642 denudanda
699 2581 815 2642 tonsori
830 2580 1028 2659 praebuimus.
1058 2582 1187 2661 implerit

94 2671 241 2755 Eumolpus
256 2678 369 2740 frontes
384 2679 537 2758 utriusque
548 2679 713 2759 ingentibus
725 2679 871 2740 litteris-et
881 2686 986 2741 notum
997 2680 1186 2760 fugitivomm

96 2829 308 2843 ·—-—--—--
324 2839 380 2845 ——

154 2926 169 2970 1
187 2931 300 2988 oporteat
318 2924 458 2976 Heinsius:
477 2933 574 2990 oportet
591 2925 651 2976 libri
783 2929 940 2977 consentiant
958 2927 1053 2978 ratione
1071 2934 1099 2976 ut
1116 2943 1187 2977 men·

96 2991 180 3043 dacium
198 2995 303 3059 scripsi.-
328 2999 484 3047 consentiant
503 3004 527 3048 et
545 3013 595 3047 non
614 2999 714 3046 natione
733 2999 891 3048 mendacium
910 2999 946 3048 Lt
963 3008 987 3049 et
1003 3001 1098 3049 ratione
1117 2998 1187 3049 exiri-

97 3060 146 3112 beos
157 3083 187 3130 p.
222 3070 357 3118 uenatione
382 3068 490 3119 deletum
513 3085 603 3134 usurpo
621 3068 654 3133 L,
674 3070 784 3119 oratione
803 3087 891 3136 margo
910 3079 926 3120 t.
963 3079 991 3121 ut
1009 3087 1060 3120 non
1079 3087 1130 3120 una
1147 3086 1187 3120 ra·

97 3134 152 3185 tione
169 3137 291 3190 Heinsius
309 3155 383 3204 quern
401 3157 451 3189 una
470 3148 529 3190 onte
547 3147 660 3204 oporteat
679 3148 775 3205 oportet
792 3141 940 3207 induar-isse,
959 3151 987 3192 ut
1005 3144 1073 3192 omni
1091 3145 1187 3192 ratione

99 3203 198 3272 drusius,
217 3218 244 3259 ut
261 3213 368 3260 nationis
381 3211 546 3264 Mnnclrerns.
575 3221 599 3262 et
617 3227 668 3261 nou
686 3227 773 3264 errore
785 3214 893 3278 repetito
982 3209 1188 3279 481111311ίῶ-

97 3279 217 3337 posituram
229 3283 254 3330 L
345 3285 358 3332 5
372 3291 537 3332 atramentum
550 3285 717 3333 adhaesurum
729 3299 792 3348 quae
806 3293 830 3334 et
840 3287 947 3335 inficitur
958 3285 1117 3336 Munclrerus

99 3349 234 3402 tareessito
248 3353 281 3402 L.
301 3352 418 3419 sortasse
436 3357 555 3405 accersita
573 3356 698 3419 ferrugine
806 3358 917 3420 nunquid
930 3363 978 3420 pt:
996 3357 1075 3419 inquit
1086 3355 1112 3406 L

98 3427 118 3466 tt
129 3431 169 3485 pt:
186 3427 258 3474 etiam
277 3424 302 3473 L
429 3431 441 3475 7
462 3429 567 3476 humore
585 3443 674 3492 nrarpo
694 3435 704 3476 t
826 3429 951 3477 teterrimo
970 3428 1071 3491 implere
1090 3434 1187 3478 tumore

96 3506 139 3541 uon
154 3496 216 3546 neele
230 3489 443 3562 ‘chirographum
468 3493 609 3562 suenprlur'
631 3499 738 3548 Douros
864 3499 975 3562 nunquid
993 3497 1018 3546 L
1036 3505 1066 3548 ut
1084 3500 1099 3547 8
1118 3505 1188 3549 utro-

97 3559 197 3626 liqueat
216 3571 229 3618 9
250 3571 334 3634 etti),
353 3569 412 3618 item
425 3585 456 3633 p,
475 3567 567 3633 miquid
585 3569 632 3620 secl
650 3569 770 3634 deinceps
789 3571 930 3633 nunquidt
1084 3572 1099 3619 8
1119 3587 1187 3621 com·

97 3633 171 3686 harere
188 3655 276 3706 rnarpo
295 3647 305 3689 t
433 3644 447 3690 9
467 3642 541 3691 etiam
560 3656 632 3690 crura
651 3643 675 3691 L
796 3644 870 3691 etiam
887 3643 950 3691 talos
970 3642 995 3691 L
1112 3645 1145 3692 10
1165 3651 1189 3694 ct

98 3703 266 3760 Memmionus:
285 3728 333 3764 onc.
347 3710 401 3774 Lpt
489 3714 592 3762 barbam
600 3721 647 3776 pt:
666 3716 770 3763 barbara
782 3713 815 3776 L,
828 3730 918 3778 margo
931 3721 947 3776 t,
966 3713 1107 3764 Toioaaoeus

98 3783 213 3843 peregrine
230 3785 324 3832 ratione
343 3800 432 3848 marqo
445 3790 468 3832 t.-
485 3786 684 3848 pcregrinationc
698 3785 764 3834 libri.
800 3787 855 3850 pari
873 3787 968 3836 ratione
982 3785 1108 3837 Heinsius

99 3850 191 3898 color-
200 3857 231 3902 11
245 3862 324 3903 mutat
336 3855 463 3920 concerpsit
472 3855 631 3922 florilegium
643 3856 794 3907 Parisinum
885 3859 916 3905 11
937 3859 1046 3908 dementi
1059 3859 1189 3925 chirogra-

97 3917 155 3978 ntae
166 3925 323 3976 ammirantes
337 3926 457 3976 Douros:
476 3929 571 3976 timenti
583 3927 638 3992 Lpt
729 3931 760 3978 13
779 3944 826 3978 nec
844 3927 904 3978 libri
916 3929 987 3994 quod
999 3931 1101 3980 carreni

103 3993 128 4070 lt
144 3993 189 4043 imo
207 3997 230 4044 L
375 4001 406 4048 15
426 3999 600 4061 mercenarius,
619 4001 704 4065 inquit,
724 4016 794 4050 meus
807 4008 841 4064 pt
858 4009 949 4053 nutum
959 4001 1075 4066 fortasse
1094 4018 1126 4052 erc
1145 4019 1187 4050 ·n·

101 4060 124 4108 ret
140 4073 171 4113 ert
187 4070 250 4117 enim
336 4073 367 4119 16
387 4085 419 4121 no
433 4077 495 4134 post
511 4072 583 4119 radat
600 4069 708 4120 deletura
725 4071 754 4120 in
773 4073 797 4120 L
880 4076 911 4122 11
932 4083 1031 4123 notatus
1044 4075 1077 4126 L.
1101 4088 1189 4138 praua

101 4141 214 4188 notaturus
232 4141 359 4191 coniceree
466 4142 610 4206 stigmatip
720 4145 752 4191 18
771 4146 857 4206 puncti
875 4145 971 4195 Douao
1085 4159 1189 4207 queren-

101 4203 191 4258 tiumL
297 4216 329 4262 19
349 4214 461 4278 supplicii
473 4213 580 4263 Dauno.-
599 4214 702 4277 supplici
719 4213 788 4264 libri.
822 4207 951 4281 ‘simplici,
970 4215 1018 4266 alii
1035 4216 1125 4279 duplici
1144 4229 1188 4263 ra·

102 4288 168 4328 turae
184 4289 207 4332 et
221 4279 348 4336 notorum’
369 4301 458 4351 margo
477 4292 487 4334 t
593 4292 660 4350 teget
677 4283 883 4339 Bourdelotiano
