<?xml version="1.0" encoding="UTF-8"?>
<!DOCTYPE html PUBLIC "-//W3C//DTD XHTML 1.0 Transitional//EN"
    "http://www.w3.org/TR/xhtml1/DTD/xhtml1-transitional.dtd">
<html xmlns="http://www.w3.org/1999/xhtml" xml:lang="en" lang="en">
 <head>
  <title>
</title>
<meta http-equiv="Content-Type" content="text/html;charset=utf-8" />
  <meta name='ocr-system' content='tesseract 3.04.00' />
  <meta name='ocr-capabilities' content='ocr_page ocr_carea ocr_par ocr_line ocrx_word'/>
</head>
<body>
  <div class='ocr_page' id='page_1' title='image "./petroniiarbitri00buecgoog_0130.png"; bbox 0 0 3022 4956; ppageno 0'>
   <div class='ocr_carea' id='block_1_1' title="bbox 594 441 1217 516">
    <p class='ocr_par' dir='ltr' id='par_1_1' title="bbox 594 441 1217 516">
     <span class='ocr_line' id='line_1_1' title="bbox 594 441 1217 516; baseline 0.008 -23"><span class='ocrx_word' id='word_1_1' title='bbox 594 441 735 496; x_wconf 80' lang='lat' dir='ltr'>sarman</span> <span class='ocrx_word' id='word_1_2' title='bbox 1177 453 1217 516; x_wconf 83' lang='lat'>75</span> 
     </span>
    </p>
   </div>
   <div class='ocr_carea' id='block_1_2' title="bbox 74 597 1217 684">
    <p class='ocr_par' dir='ltr' id='par_1_2' title="bbox 74 597 1217 684">
     <span class='ocr_line' id='line_1_2' title="bbox 74 597 1217 684; baseline 0.009 -24"><span class='ocrx_word' id='word_1_3' title='bbox 74 598 246 661; x_wconf 82' lang='lat' dir='ltr'>somnium</span> <span class='ocrx_word' id='word_1_4' title='bbox 260 615 425 662; x_wconf 89' lang='lat' dir='ltr'>numerum.</span> <span class='ocrx_word' id='word_1_5' title='bbox 456 617 524 661; x_wconf 91' lang='lat' dir='ltr'>eum</span> <span class='ocrx_word' id='word_1_6' title='bbox 540 617 610 680; x_wconf 89' lang='lat' dir='ltr'>ergo</span> <span class='ocrx_word' id='word_1_7' title='bbox 625 597 706 661; x_wconf 89' lang='lat' dir='ltr'>illum</span> <span class='ocrx_word' id='word_1_8' title='bbox 721 605 814 662; x_wconf 89' lang='lat' dir='ltr'>mater</span> <span class='ocrx_word' id='word_1_9' title='bbox 827 599 938 664; x_wconf 91' lang='lat' dir='ltr'>misella</span> <span class='ocrx_word' id='word_1_10' title='bbox 953 603 1103 684; x_wconf 77' lang='lat' dir='ltr'>plangeret</span> <span class='ocrx_word' id='word_1_11' title='bbox 1117 614 1147 668; x_wconf 92' lang='lat' dir='ltr'>et</span> <span class='ocrx_word' id='word_1_12' title='bbox 1160 623 1217 669; x_wconf 93' lang='lat' dir='ltr'>nos</span> 
     </span>
    </p>
   </div>
   <div class='ocr_carea' id='block_1_3' title="bbox 108 697 1218 785">
    <p class='ocr_par' dir='ltr' id='par_1_3' title="bbox 108 697 1218 785">
     <span class='ocr_line' id='line_1_3' title="bbox 108 697 1218 785; baseline 0.008 -26"><span class='ocrx_word' id='word_1_13' title='bbox 108 705 174 760; x_wconf 90' lang='lat' dir='ltr'>tum</span> <span class='ocrx_word' id='word_1_14' title='bbox 186 697 284 776; x_wconf 87' lang='lat' dir='ltr'>plures</span> <span class='ocrx_word' id='word_1_15' title='bbox 295 699 324 759; x_wconf 93' lang='lat' dir='ltr'>iu</span> <span class='ocrx_word' id='word_1_16' title='bbox 336 698 515 760; x_wconf 80' lang='lat' dir='ltr'><strong>tristimonio</strong></span> <span class='ocrx_word' id='word_1_17' title='bbox 527 717 668 772; x_wconf 82' lang='lat' dir='ltr'>essemus,</span> <span class='ocrx_word' id='word_1_18' title='bbox 684 697 781 760; x_wconf 92' lang='lat' dir='ltr'>subito</span> <span class='ocrx_word' id='word_1_19' title='bbox 794 701 901 780; x_wconf 78' lang='lat' dir='ltr'><strong>strigae</strong></span> <span class='ocrx_word' id='word_1_20' title='bbox 911 703 1033 765; x_wconf 85' lang='lat' dir='ltr'>stridere</span> <span class='ocrx_word' id='word_1_21' title='bbox 1044 713 1218 785; x_wconf 89' lang='lat' dir='ltr'>coeperunt;</span> 
     </span>
    </p>
   </div>
   <div class='ocr_carea' id='block_1_4' title="bbox 66 796 1218 2354">
    <p class='ocr_par' dir='ltr' id='par_1_4' title="bbox 109 796 1218 979">
     <span class='ocr_line' id='line_1_4' title="bbox 109 796 1218 883; baseline 0.007 -25"><span class='ocrx_word' id='word_1_22' title='bbox 109 804 229 877; x_wconf 90' lang='lat' dir='ltr'>putares</span> <span class='ocrx_word' id='word_1_23' title='bbox 241 813 344 859; x_wconf 91' lang='lat' dir='ltr'>canem</span> <span class='ocrx_word' id='word_1_24' title='bbox 355 797 486 876; x_wconf 91' lang='lat' dir='ltr'>leporem</span> <span class='ocrx_word' id='word_1_25' title='bbox 497 797 643 876; x_wconf 89' lang='lat' dir='ltr'>persequi.</span> <span class='ocrx_word' id='word_1_26' title='bbox 665 796 846 860; x_wconf 85' lang='lat' dir='ltr'><strong>habebamus</strong></span> <span class='ocrx_word' id='word_1_27' title='bbox 857 807 928 861; x_wconf 91' lang='lat' dir='ltr'>tuuc</span> <span class='ocrx_word' id='word_1_28' title='bbox 939 800 1090 864; x_wconf 88' lang='lat' dir='ltr'>homiuem</span> <span class='ocrx_word' id='word_1_29' title='bbox 1103 803 1218 883; x_wconf 84' lang='lat' dir='ltr'>Cappa-</span> 
     </span>
     <span class='ocr_line' id='line_1_5' title="bbox 109 895 1217 979; baseline 0.007 -23"><span class='ocrx_word' id='word_1_30' title='bbox 109 895 224 969; x_wconf 80' lang='lat' dir='ltr'>docem,</span> <span class='ocrx_word' id='word_1_31' title='bbox 240 895 372 975; x_wconf 89' lang='lat' dir='ltr'>longum‚</span> <span class='ocrx_word' id='word_1_32' title='bbox 387 895 468 956; x_wconf 85' lang='lat' dir='ltr'>valde</span> <span class='ocrx_word' id='word_1_33' title='bbox 483 895 654 957; x_wconf 81' lang='lat' dir='ltr'>audaculum</span> <span class='ocrx_word' id='word_1_34' title='bbox 671 899 760 976; x_wconf 87' lang='lat' dir='ltr'>etqui</span> <span class='ocrx_word' id='word_1_35' title='bbox 772 896 884 959; x_wconf 86' lang='lat' dir='ltr'>valebat</span> <span class='ocrx_word' id='word_1_36' title='bbox 897 900 1029 979; x_wconf 85' lang='lat' dir='ltr'>[poterat]</span> <span class='ocrx_word' id='word_1_37' title='bbox 1042 900 1146 963; x_wconf 86' lang='lat' dir='ltr'>bovem</span> <span class='ocrx_word' id='word_1_38' title='bbox 1159 903 1217 964; x_wconf 92' lang='lat' dir='ltr'>ira·</span> 
     </span>
    </p>

    <p class='ocr_par' dir='ltr' id='par_1_5' title="bbox 80 993 1217 1474">
     <span class='ocr_line' id='line_1_6' title="bbox 80 993 1217 1078; baseline 0.004 -22"><span class='ocrx_word' id='word_1_39' title='bbox 80 1001 173 1057; x_wconf 80' lang='lat' dir='ltr'>atum</span> <span class='ocrx_word' id='word_1_40' title='bbox 193 994 303 1056; x_wconf 88' lang='lat' dir='ltr'>tollere.</span> <span class='ocrx_word' id='word_1_41' title='bbox 333 994 382 1055; x_wconf 92' lang='lat' dir='ltr'>hio</span> <span class='ocrx_word' id='word_1_42' title='bbox 400 993 536 1055; x_wconf 84' lang='lat' dir='ltr'>audacter</span> <span class='ocrx_word' id='word_1_43' title='bbox 555 994 656 1055; x_wconf 88' lang='lat' dir='ltr'>stricto</span> <span class='ocrx_word' id='word_1_44' title='bbox 678 995 772 1074; x_wconf 88' lang='lat' dir='ltr'>gladio</span> <span class='ocrx_word' id='word_1_45' title='bbox 793 1002 873 1058; x_wconf 85' lang='lat' dir='ltr'>extra</span> <span class='ocrx_word' id='word_1_46' title='bbox 893 997 1003 1059; x_wconf 89' lang='lat' dir='ltr'>ostium</span> <span class='ocrx_word' id='word_1_47' title='bbox 1022 1000 1217 1078; x_wconf 84' lang='lat' dir='ltr'>procucurrit,</span> 
     </span>
     <span class='ocr_line' id='line_1_7' title="bbox 108 1091 1217 1176; baseline 0.005 -22"><span class='ocrx_word' id='word_1_48' title='bbox 108 1093 237 1156; x_wconf 84' lang='lat' dir='ltr'>involuta</span> <span class='ocrx_word' id='word_1_49' title='bbox 256 1091 375 1154; x_wconf 84' lang='lat' dir='ltr'>sinistra</span> <span class='ocrx_word' id='word_1_50' title='bbox 394 1110 483 1154; x_wconf 93' lang='lat' dir='ltr'>mauu</span> <span class='ocrx_word' id='word_1_51' title='bbox 502 1093 634 1167; x_wconf 91' lang='lat' dir='ltr'>curiose,</span> <span class='ocrx_word' id='word_1_52' title='bbox 654 1101 683 1155; x_wconf 91' lang='lat' dir='ltr'>et</span> <span class='ocrx_word' id='word_1_53' title='bbox 702 1094 854 1157; x_wconf 90' lang='lat' dir='ltr'>mulierem</span> <span class='ocrx_word' id='word_1_54' title='bbox 869 1103 1008 1176; x_wconf 82' lang='lat' dir='ltr'>tanquam</span> <span class='ocrx_word' id='word_1_55' title='bbox 1023 1097 1160 1160; x_wconf 89' lang='lat' dir='ltr'>hocloco</span> <span class='ocrx_word' id='word_1_56' title='bbox 1176 1133 1217 1146; x_wconf 91' lang='lat'><em>-</em></span> 
     </span>
     <span class='ocr_line' id='line_1_8' title="bbox 109 1191 1217 1274; baseline 0.005 -20"><span class='ocrx_word' id='word_1_57' title='bbox 109 1191 221 1254; x_wconf 85' lang='lat' dir='ltr'>salvum</span> <span class='ocrx_word' id='word_1_58' title='bbox 237 1191 276 1252; x_wconf 89' lang='lat' dir='ltr'>sit</span> <span class='ocrx_word' id='word_1_59' title='bbox 291 1191 369 1271; x_wconf 92' lang='lat' dir='ltr'>quod</span> <span class='ocrx_word' id='word_1_60' title='bbox 385 1200 472 1271; x_wconf 89' lang='lat' dir='ltr'>tango</span> <span class='ocrx_word' id='word_1_61' title='bbox 488 1224 529 1236; x_wconf 90' lang='lat'>—</span> <span class='ocrx_word' id='word_1_62' title='bbox 545 1191 670 1252; x_wconf 90' lang='lat' dir='ltr'>mediam</span> <span class='ocrx_word' id='word_1_63' title='bbox 685 1192 804 1254; x_wconf 88' lang='lat' dir='ltr'>traiecit.</span> <span class='ocrx_word' id='word_1_64' title='bbox 835 1193 970 1256; x_wconf 84' lang='lat' dir='ltr'>audimus</span> <span class='ocrx_word' id='word_1_65' title='bbox 987 1195 1142 1274; x_wconf 81' lang='lat' dir='ltr'>gemitum,</span> <span class='ocrx_word' id='word_1_66' title='bbox 1164 1204 1217 1270; x_wconf 88' lang='lat' dir='ltr'>set,</span> 
     </span>
     <span class='ocr_line' id='line_1_9' title="bbox 107 1288 1216 1371; baseline 0.005 -20"><span class='ocrx_word' id='word_1_67' title='bbox 107 1291 195 1370; x_wconf 91' lang='lat' dir='ltr'>plane</span> <span class='ocrx_word' id='word_1_68' title='bbox 210 1307 273 1350; x_wconf 91' lang='lat' dir='ltr'>uon</span> <span class='ocrx_word' id='word_1_69' title='bbox 288 1290 427 1366; x_wconf 90' lang='lat' dir='ltr'>mentiar,</span> <span class='ocrx_word' id='word_1_70' title='bbox 447 1290 526 1371; x_wconf 90' lang='lat' dir='ltr'>ipsas</span> <span class='ocrx_word' id='word_1_71' title='bbox 547 1307 609 1352; x_wconf 90' lang='lat' dir='ltr'>nou</span> <span class='ocrx_word' id='word_1_72' title='bbox 627 1288 763 1352; x_wconf 86' lang='lat' dir='ltr'>vidimus.</span> <span class='ocrx_word' id='word_1_73' title='bbox 793 1291 864 1352; x_wconf 88' lang='lat' dir='ltr'>baro</span> <span class='ocrx_word' id='word_1_74' title='bbox 885 1299 981 1354; x_wconf 92' lang='lat' dir='ltr'>autem</span> <span class='ocrx_word' id='word_1_75' title='bbox 1000 1302 1103 1356; x_wconf 89' lang='lat' dir='ltr'>noster</span> <span class='ocrx_word' id='word_1_76' title='bbox 1121 1295 1216 1356; x_wconf 90' lang='lat' dir='ltr'>iutro·</span> 
     </span>
     <span class='ocr_line' id='line_1_10' title="bbox 109 1387 1217 1474; baseline 0.006 -26"><span class='ocrx_word' id='word_1_77' title='bbox 109 1407 212 1450; x_wconf 86' lang='lat' dir='ltr'>versus</span> <span class='ocrx_word' id='word_1_78' title='bbox 229 1407 261 1450; x_wconf 92' lang='lat' dir='ltr'>se</span> <span class='ocrx_word' id='word_1_79' title='bbox 275 1387 398 1468; x_wconf 88' lang='lat' dir='ltr'>proiecit</span> <span class='ocrx_word' id='word_1_80' title='bbox 417 1390 448 1450; x_wconf 92' lang='lat' dir='ltr'>iu</span> <span class='ocrx_word' id='word_1_81' title='bbox 462 1389 569 1450; x_wconf 90' lang='lat' dir='ltr'>lectum</span> <span class='ocrx_word' id='word_1_82' title='bbox 585 1395 614 1449; x_wconf 89' lang='lat' dir='ltr'>et</span> <span class='ocrx_word' id='word_1_83' title='bbox 628 1407 735 1470; x_wconf 89' lang='lat' dir='ltr'>corpus</span> <span class='ocrx_word' id='word_1_84' title='bbox 751 1397 848 1452; x_wconf 91' lang='lat' dir='ltr'>totum</span> <span class='ocrx_word' id='word_1_85' title='bbox 862 1389 981 1453; x_wconf 90' lang='lat' dir='ltr'>lividum</span> <span class='ocrx_word' id='word_1_86' title='bbox 996 1391 1120 1454; x_wconf 88' lang='lat' dir='ltr'>habebat</span> <span class='ocrx_word' id='word_1_87' title='bbox 1134 1395 1217 1474; x_wconf 87' lang='lat' dir='ltr'>quasi</span> 
     </span>
    </p>

    <p class='ocr_par' dir='ltr' id='par_1_6' title="bbox 66 1485 1216 1964">
     <span class='ocr_line' id='line_1_11' title="bbox 66 1485 1215 1568; baseline 0.003 -18"><span class='ocrx_word' id='word_1_88' title='bbox 66 1499 93 1550; x_wconf 88' lang='lat' dir='ltr'>lo</span> <span class='ocrx_word' id='word_1_89' title='bbox 108 1488 228 1568; x_wconf 85' lang='lat' dir='ltr'>flagellis</span> <span class='ocrx_word' id='word_1_90' title='bbox 244 1505 360 1558; x_wconf 88' lang='lat' dir='ltr'>caesus,</span> <span class='ocrx_word' id='word_1_91' title='bbox 377 1486 444 1565; x_wconf 91' lang='lat' dir='ltr'>quia</span> <span class='ocrx_word' id='word_1_92' title='bbox 460 1486 569 1548; x_wconf 89' lang='lat' dir='ltr'>scilicet</span> <span class='ocrx_word' id='word_1_93' title='bbox 582 1485 665 1549; x_wconf 94' lang='lat' dir='ltr'>illum</span> <span class='ocrx_word' id='word_1_94' title='bbox 680 1488 813 1567; x_wconf 82' lang='lat' dir='ltr'>tetigerat</span> <span class='ocrx_word' id='word_1_95' title='bbox 826 1488 901 1550; x_wconf 90' lang='lat' dir='ltr'>mala</span> <span class='ocrx_word' id='word_1_96' title='bbox 916 1505 1030 1551; x_wconf 91' lang='lat' dir='ltr'>manus.</span> <span class='ocrx_word' id='word_1_97' title='bbox 1061 1509 1117 1552; x_wconf 92' lang='lat' dir='ltr'>uos</span> <span class='ocrx_word' id='word_1_98' title='bbox 1134 1491 1215 1553; x_wconf 92' lang='lat' dir='ltr'>cluso</span> 
     </span>
     <span class='ocr_line' id='line_1_12' title="bbox 108 1584 1216 1667; baseline 0.004 -20"><span class='ocrx_word' id='word_1_99' title='bbox 108 1587 182 1648; x_wconf 91' lang='lat' dir='ltr'>ostio</span> <span class='ocrx_word' id='word_1_100' title='bbox 199 1585 330 1648; x_wconf 91' lang='lat' dir='ltr'>redimus</span> <span class='ocrx_word' id='word_1_101' title='bbox 351 1586 456 1646; x_wconf 88' lang='lat' dir='ltr'>iterum</span> <span class='ocrx_word' id='word_1_102' title='bbox 476 1584 511 1645; x_wconf 92' lang='lat' dir='ltr'>ad</span> <span class='ocrx_word' id='word_1_103' title='bbox 533 1584 676 1659; x_wconf 80' lang='lat' dir='ltr'>cilicium,</span> <span class='ocrx_word' id='word_1_104' title='bbox 696 1587 748 1648; x_wconf 91' lang='lat' dir='ltr'>sed</span> <span class='ocrx_word' id='word_1_105' title='bbox 764 1605 830 1648; x_wconf 92' lang='lat' dir='ltr'>cum</span> <span class='ocrx_word' id='word_1_106' title='bbox 847 1595 939 1648; x_wconf 91' lang='lat' dir='ltr'>mater</span> <span class='ocrx_word' id='word_1_107' title='bbox 954 1587 1131 1667; x_wconf 83' lang='lat' dir='ltr'>amplexaret</span> <span class='ocrx_word' id='word_1_108' title='bbox 1147 1609 1216 1651; x_wconf 89' lang='lat' dir='ltr'>cor-</span> 
     </span>
     <span class='ocr_line' id='line_1_13' title="bbox 107 1681 1216 1764; baseline 0.003 -18"><span class='ocrx_word' id='word_1_109' title='bbox 107 1703 162 1764; x_wconf 90' lang='lat' dir='ltr'>pus</span> <span class='ocrx_word' id='word_1_110' title='bbox 177 1684 231 1746; x_wconf 88' lang='lat' dir='ltr'>filii</span> <span class='ocrx_word' id='word_1_111' title='bbox 246 1684 305 1756; x_wconf 92' lang='lat' dir='ltr'>sui,</span> <span class='ocrx_word' id='word_1_112' title='bbox 321 1683 414 1762; x_wconf 91' lang='lat' dir='ltr'>tangit</span> <span class='ocrx_word' id='word_1_113' title='bbox 427 1690 455 1744; x_wconf 92' lang='lat' dir='ltr'>et</span> <span class='ocrx_word' id='word_1_114' title='bbox 468 1681 547 1743; x_wconf 82' lang='lat' dir='ltr'>videt</span> <span class='ocrx_word' id='word_1_115' title='bbox 562 1684 757 1746; x_wconf 87' lang='lat' dir='ltr'>manuciolum</span> <span class='ocrx_word' id='word_1_116' title='bbox 772 1684 807 1745; x_wconf 91' lang='lat' dir='ltr'>dc</span> <span class='ocrx_word' id='word_1_117' title='bbox 822 1689 989 1747; x_wconf 89' lang='lat' dir='ltr'>stramentis</span> <span class='ocrx_word' id='word_1_118' title='bbox 1003 1687 1123 1749; x_wconf 83' lang='lat' dir='ltr'>lactum.</span> <span class='ocrx_word' id='word_1_119' title='bbox 1154 1705 1216 1750; x_wconf 93' lang='lat' dir='ltr'>uon</span> 
     </span>
     <span class='ocr_line' id='line_1_14' title="bbox 109 1781 1215 1864; baseline 0.003 -20"><span class='ocrx_word' id='word_1_120' title='bbox 109 1801 158 1844; x_wconf 92' lang='lat' dir='ltr'>cor</span> <span class='ocrx_word' id='word_1_121' title='bbox 172 1783 307 1855; x_wconf 88' lang='lat' dir='ltr'>habebat,</span> <span class='ocrx_word' id='word_1_122' title='bbox 324 1800 385 1843; x_wconf 91' lang='lat' dir='ltr'>uon</span> <span class='ocrx_word' id='word_1_123' title='bbox 396 1781 541 1853; x_wconf 89' lang='lat' dir='ltr'>intestina,</span> <span class='ocrx_word' id='word_1_124' title='bbox 559 1799 620 1842; x_wconf 91' lang='lat' dir='ltr'>uon</span> <span class='ocrx_word' id='word_1_125' title='bbox 632 1781 802 1860; x_wconf 89' lang='lat' dir='ltr'>quicquam:</span> <span class='ocrx_word' id='word_1_126' title='bbox 818 1782 929 1844; x_wconf 91' lang='lat' dir='ltr'>scilicet</span> <span class='ocrx_word' id='word_1_127' title='bbox 939 1785 997 1845; x_wconf 92' lang='lat' dir='ltr'>iam</span> <span class='ocrx_word' id='word_1_128' title='bbox 1008 1803 1133 1864; x_wconf 89' lang='lat' dir='ltr'>puemm</span> <span class='ocrx_word' id='word_1_129' title='bbox 1145 1784 1215 1846; x_wconf 88' lang='lat' dir='ltr'>stri-</span> 
     </span>
     <span class='ocr_line' id='line_1_15' title="bbox 107 1880 1214 1964; baseline 0.004 -22"><span class='ocrx_word' id='word_1_130' title='bbox 107 1898 156 1959; x_wconf 87' lang='lat' dir='ltr'>gae</span> <span class='ocrx_word' id='word_1_131' title='bbox 172 1881 376 1942; x_wconf 78' lang='lat' dir='ltr'>involaverant</span> <span class='ocrx_word' id='word_1_132' title='bbox 395 1887 423 1942; x_wconf 88' lang='lat' dir='ltr'>et</span> <span class='ocrx_word' id='word_1_133' title='bbox 441 1887 663 1960; x_wconf 84' lang='lat' dir='ltr'>supposuerant</span> <span class='ocrx_word' id='word_1_134' title='bbox 682 1880 911 1943; x_wconf 87' lang='lat' dir='ltr'>stramenticium</span> <span class='ocrx_word' id='word_1_135' title='bbox 932 1891 1111 1946; x_wconf 86' lang='lat' dir='ltr'>ravatouem.</span> <span class='ocrx_word' id='word_1_136' title='bbox 1140 1902 1214 1964; x_wconf 89' lang='lat' dir='ltr'>rogo</span> 
     </span>
    </p>

    <p class='ocr_par' dir='ltr' id='par_1_7' title="bbox 66 1977 1216 2354">
     <span class='ocr_line' id='line_1_16' title="bbox 66 1977 1216 2060; baseline 0 -15"><span class='ocrx_word' id='word_1_137' title='bbox 66 1995 93 2044; x_wconf 85' lang='lat'>15</span> <span class='ocrx_word' id='word_1_138' title='bbox 108 1997 174 2051; x_wconf 83' lang='lat' dir='ltr'>ros,</span> <span class='ocrx_word' id='word_1_139' title='bbox 198 1984 317 2058; x_wconf 88' lang='lat' dir='ltr'>oportet</span> <span class='ocrx_word' id='word_1_140' title='bbox 333 1977 470 2053; x_wconf 90' lang='lat' dir='ltr'>credatis,</span> <span class='ocrx_word' id='word_1_141' title='bbox 482 1985 556 2044; x_wconf 69' lang='lat' dir='ltr'>¹suut</span> <span class='ocrx_word' id='word_1_142' title='bbox 568 1977 706 2041; x_wconf 89' lang='lat' dir='ltr'>mulieres</span> <span class='ocrx_word' id='word_1_143' title='bbox 721 1979 880 2060; x_wconf 90' lang='lat' dir='ltr'>plussciac,</span> <span class='ocrx_word' id='word_1_144' title='bbox 902 1989 972 2043; x_wconf 90' lang='lat' dir='ltr'>sunt</span> <span class='ocrx_word' id='word_1_145' title='bbox 991 1989 1166 2058; x_wconf 81' lang='lat' dir='ltr'>nocnunae,</span> <span class='ocrx_word' id='word_1_146' title='bbox 1187 1990 1216 2044; x_wconf 88' lang='lat' dir='ltr'>et</span> 
     </span>
     <span class='ocr_line' id='line_1_17' title="bbox 107 2076 1216 2162; baseline 0.005 -25"><span class='ocrx_word' id='word_1_147' title='bbox 107 2077 184 2157; x_wconf 89' lang='lat' dir='ltr'>qnod</span> <span class='ocrx_word' id='word_1_148' title='bbox 207 2094 326 2162; x_wconf 87' lang='lat' dir='ltr'>sursum</span> <span class='ocrx_word' id='word_1_149' title='bbox 341 2084 399 2151; x_wconf 91' lang='lat' dir='ltr'>est,</span> <span class='ocrx_word' id='word_1_150' title='bbox 418 2076 558 2140; x_wconf 90' lang='lat' dir='ltr'>deorsum</span> <span class='ocrx_word' id='word_1_151' title='bbox 577 2076 697 2139; x_wconf 82' lang='lat' dir='ltr'>faciunt.</span> <span class='ocrx_word' id='word_1_152' title='bbox 728 2083 856 2140; x_wconf 89' lang='lat' dir='ltr'>ceterum</span> <span class='ocrx_word' id='word_1_153' title='bbox 874 2078 946 2141; x_wconf 90' lang='lat' dir='ltr'>baro</span> <span class='ocrx_word' id='word_1_154' title='bbox 966 2079 1012 2142; x_wconf 94' lang='lat' dir='ltr'>ille</span> <span class='ocrx_word' id='word_1_155' title='bbox 1025 2080 1131 2160; x_wconf 91' lang='lat' dir='ltr'>longus</span> <span class='ocrx_word' id='word_1_156' title='bbox 1145 2089 1216 2162; x_wconf 90' lang='lat' dir='ltr'>post</span> 
     </span>
     <span class='ocr_line' id='line_1_18' title="bbox 106 2174 1214 2260; baseline 0.005 -23"><span class='ocrx_word' id='word_1_157' title='bbox 106 2176 161 2238; x_wconf 90' lang='lat' dir='ltr'>hoc</span> <span class='ocrx_word' id='word_1_158' title='bbox 173 2176 286 2238; x_wconf 81' lang='lat' dir='ltr'>factum</span> <span class='ocrx_word' id='word_1_159' title='bbox 301 2193 454 2257; x_wconf 89' lang='lat' dir='ltr'>uunquam</span> <span class='ocrx_word' id='word_1_160' title='bbox 471 2175 578 2238; x_wconf 91' lang='lat' dir='ltr'>coloris</span> <span class='ocrx_word' id='word_1_161' title='bbox 594 2174 641 2237; x_wconf 93' lang='lat' dir='ltr'>sui</span> <span class='ocrx_word' id='word_1_162' title='bbox 654 2174 717 2252; x_wconf 86' lang='lat' dir='ltr'>fuit,</span> <span class='ocrx_word' id='word_1_163' title='bbox 732 2177 823 2238; x_wconf 92' lang='lat' dir='ltr'>immo</span> <span class='ocrx_word' id='word_1_164' title='bbox 839 2185 910 2258; x_wconf 88' lang='lat' dir='ltr'>post</span> <span class='ocrx_word' id='word_1_165' title='bbox 924 2197 1035 2260; x_wconf 90' lang='lat' dir='ltr'>paucos</span> <span class='ocrx_word' id='word_1_166' title='bbox 1051 2179 1113 2241; x_wconf 92' lang='lat' dir='ltr'>dies</span> <span class='ocrx_word' id='word_1_167' title='bbox 1124 2181 1214 2260; x_wconf 90' lang='lat' dir='ltr'>phre-</span> 
     </span>
     <span class='ocr_line' id='line_1_19' title="bbox 108 2264 338 2354; baseline -0.004 -18"><span class='ocrx_word' id='word_1_168' title='bbox 108 2274 220 2336; x_wconf 92' lang='lat' dir='ltr'>neticus</span> <span class='ocrx_word' id='word_1_169' title='bbox 234 2264 338 2354; x_wconf 67' lang='lat' dir='ltr'>periit?</span> 
     </span>
    </p>
   </div>
   <div class='ocr_carea' id='block_1_5' title="bbox 9 2441 1215 3443">
    <p class='ocr_par' dir='ltr' id='par_1_8' title="bbox 9 2441 1215 3443">
     <span class='ocr_line' id='line_1_20' title="bbox 105 2441 1215 2519; baseline 0.003 -18"><span class='ocrx_word' id='word_1_170' title='bbox 105 2441 188 2501; x_wconf 78' lang='lat' dir='ltr'>‘issum</span> <span class='ocrx_word' id='word_1_171' title='bbox 209 2458 234 2501; x_wconf 84' lang='lat' dir='ltr'>ct</span> <span class='ocrx_word' id='word_1_172' title='bbox 250 2449 341 2502; x_wconf 64' lang='lat' dir='ltr'>deicio</span> <span class='ocrx_word' id='word_1_173' title='bbox 358 2444 413 2501; x_wconf 87' lang='lat' dir='ltr'>auo’</span> <span class='ocrx_word' id='word_1_174' title='bbox 427 2450 552 2515; x_wconf 83' lang='lat' dir='ltr'>fecarunt</span> <span class='ocrx_word' id='word_1_175' title='bbox 569 2449 678 2504; x_wconf 81' lang='lat' dir='ltr'>uectum.</span> <span class='ocrx_word' id='word_1_176' title='bbox 714 2467 767 2501; x_wconf 88' lang='lat' dir='ltr'>non</span> <span class='ocrx_word' id='word_1_177' title='bbox 784 2451 879 2503; x_wconf 81' lang='lat' dir='ltr'>miracu</span> <span class='ocrx_word' id='word_1_178' title='bbox 896 2451 1024 2519; x_wconf 59' lang='lat' dir='ltr'>&amp;flentum</span> <span class='ocrx_word' id='word_1_179' title='bbox 1039 2469 1056 2502; x_wconf 89' lang='lat' dir='ltr'>c</span> <span class='ocrx_word' id='word_1_180' title='bbox 1067 2453 1215 2504; x_wconf 78' lang='lat' dir='ltr'>reuerentiae</span> 
     </span>
     <span class='ocr_line' id='line_1_21' title="bbox 108 2521 1215 2587; baseline 0.004 -15"><span class='ocrx_word' id='word_1_181' title='bbox 108 2521 260 2574; x_wconf 56' lang='lat' dir='ltr'>casnedum</span> <span class='ocrx_word' id='word_1_182' title='bbox 282 2537 335 2573; x_wconf 85' lang='lat' dir='ltr'>case</span> <span class='ocrx_word' id='word_1_183' title='bbox 359 2521 395 2572; x_wconf 83' lang='lat' dir='ltr'>cci</span> <span class='ocrx_word' id='word_1_184' title='bbox 418 2521 559 2573; x_wconf 80' lang='lat' dir='ltr'>blandities</span> <span class='ocrx_word' id='word_1_185' title='bbox 575 2537 658 2586; x_wconf 84' lang='lat' dir='ltr'>neque</span> <span class='ocrx_word' id='word_1_186' title='bbox 675 2529 801 2572; x_wconf 83' lang='lat' dir='ltr'>mutatmn</span> <span class='ocrx_word' id='word_1_187' title='bbox 818 2525 871 2587; x_wconf 88' lang='lat' dir='ltr'>ipse</span> <span class='ocrx_word' id='word_1_188' title='bbox 889 2522 918 2572; x_wconf 88' lang='lat' dir='ltr'>in</span> <span class='ocrx_word' id='word_1_189' title='bbox 935 2525 982 2573; x_wconf 89' lang='lat' dir='ltr'>isse</span> <span class='ocrx_word' id='word_1_190' title='bbox 1001 2523 1024 2574; x_wconf 87' lang='lat' dir='ltr'>ai</span> <span class='ocrx_word' id='word_1_191' title='bbox 1041 2539 1139 2574; x_wconf 84' lang='lat' dir='ltr'>mesum</span> <span class='ocrx_word' id='word_1_192' title='bbox 1156 2540 1215 2576; x_wconf 83' lang='lat' dir='ltr'>canu</span> 
     </span>
     <span class='ocr_line' id='line_1_22' title="bbox 107 2593 1133 2658; baseline 0.002 -15"><span class='ocrx_word' id='word_1_193' title='bbox 107 2609 204 2644; x_wconf 87' lang='lat' dir='ltr'>rursum</span> <span class='ocrx_word' id='word_1_194' title='bbox 222 2601 270 2644; x_wconf 82' lang='lat' dir='ltr'>aut</span> <span class='ocrx_word' id='word_1_195' title='bbox 285 2609 373 2658; x_wconf 86' lang='lat' dir='ltr'>passus</span> <span class='ocrx_word' id='word_1_196' title='bbox 391 2609 448 2645; x_wconf 89' lang='lat' dir='ltr'>cnm</span> <span class='ocrx_word' id='word_1_197' title='bbox 459 2609 552 2658; x_wconf 84' lang='lat' dir='ltr'>pansus</span> <span class='ocrx_word' id='word_1_198' title='bbox 571 2600 619 2644; x_wconf 85' lang='lat' dir='ltr'>out</span> <span class='ocrx_word' id='word_1_199' title='bbox 635 2594 748 2642; x_wconf 89' lang='lat' dir='ltr'>sussulite</span> <span class='ocrx_word' id='word_1_200' title='bbox 761 2609 818 2643; x_wconf 88' lang='lat' dir='ltr'>cnm</span> <span class='ocrx_word' id='word_1_201' title='bbox 830 2595 939 2658; x_wconf 87' lang='lat' dir='ltr'>supsilite</span> <span class='ocrx_word' id='word_1_202' title='bbox 959 2593 1133 2645; x_wconf 76' lang='lat' dir='ltr'>contendimus</span> 
     </span>
     <span class='ocr_line' id='line_1_23' title="bbox 9 2663 1213 2731; baseline 0.002 -17"><span class='ocrx_word' id='word_1_203' title='bbox 9 2697 13 2704; x_wconf 86' lang='lat'><em>-</em></span> <span class='ocrx_word' id='word_1_204' title='bbox 108 2665 238 2716; x_wconf 85' lang='lat' dir='ltr'>catamitus</span> <span class='ocrx_word' id='word_1_205' title='bbox 251 2663 391 2729; x_wconf 83' lang='lat' dir='ltr'>Iccobsa&#39;ue,</span> <span class='ocrx_word' id='word_1_206' title='bbox 410 2663 531 2729; x_wconf 79' lang='lat' dir='ltr'>Iahnius,</span> <span class='ocrx_word' id='word_1_207' title='bbox 550 2679 594 2731; x_wconf 78' lang='lat' dir='ltr'>epo</span> <span class='ocrx_word' id='word_1_208' title='bbox 607 2663 774 2724; x_wconf 65' lang='lat' dir='ltr'>senissimum·</span> <span class='ocrx_word' id='word_1_209' title='bbox 791 2665 941 2729; x_wconf 80' lang='lat' dir='ltr'>hyacinthus</span> <span class='ocrx_word' id='word_1_210' title='bbox 960 2664 1093 2731; x_wconf 70' lang='lat' dir='ltr'>Henetus,</span> <span class='ocrx_word' id='word_1_211' title='bbox 1111 2667 1213 2730; x_wconf 83' lang='lat' dir='ltr'>galacti-</span> 
     </span>
     <span class='ocr_line' id='line_1_24' title="bbox 107 2733 1212 2801; baseline 0.002 -15"><span class='ocrx_word' id='word_1_212' title='bbox 107 2742 142 2786; x_wconf 86' lang='lat' dir='ltr'>tes</span> <span class='ocrx_word' id='word_1_213' title='bbox 165 2735 279 2788; x_wconf 84' lang='lat' dir='ltr'>Wclslics</span> <span class='ocrx_word' id='word_1_214' title='bbox 296 2751 327 2800; x_wconf 80' lang='lat' dir='ltr'>p.</span> <span class='ocrx_word' id='word_1_215' title='bbox 346 2737 380 2788; x_wconf 85' lang='lat'>35</span> <span class='ocrx_word' id='word_1_216' title='bbox 399 2743 425 2787; x_wconf 88' lang='lat' dir='ltr'>et</span> <span class='ocrx_word' id='word_1_217' title='bbox 448 2735 534 2788; x_wconf 83' lang='lat' dir='ltr'>delens</span> <span class='ocrx_word' id='word_1_218' title='bbox 561 2751 619 2786; x_wconf 85' lang='lat' dir='ltr'>canu</span> <span class='ocrx_word' id='word_1_219' title='bbox 637 2733 768 2798; x_wconf 86' lang='lat' dir='ltr'>Iccobsic,</span> <span class='ocrx_word' id='word_1_220' title='bbox 799 2737 901 2786; x_wconf 81' lang='lat' dir='ltr'>cirratas</span> <span class='ocrx_word' id='word_1_221' title='bbox 919 2734 1079 2801; x_wconf 71' lang='lat' dir='ltr'>Sclueffsmcs,</span> <span class='ocrx_word' id='word_1_222' title='bbox 1107 2739 1212 2788; x_wconf 81' lang='lat' dir='ltr'>aceritus</span> 
     </span>
     <span class='ocr_line' id='line_1_25' title="bbox 107 2805 1214 2873; baseline 0.004 -17"><span class='ocrx_word' id='word_1_223' title='bbox 107 2805 253 2872; x_wconf 72' lang='lat' dir='ltr'>Reimarus,</span> <span class='ocrx_word' id='word_1_224' title='bbox 280 2809 387 2858; x_wconf 85' lang='lat' dir='ltr'>callistus</span> <span class='ocrx_word' id='word_1_225' title='bbox 404 2807 534 2861; x_wconf 83' lang='lat' dir='ltr'>Bcislciua.</span> <span class='ocrx_word' id='word_1_226' title='bbox 570 2807 620 2858; x_wconf 78' lang='lat' dir='ltr'>leuc</span> <span class='ocrx_word' id='word_1_227' title='bbox 642 2823 695 2857; x_wconf 91' lang='lat' dir='ltr'>non</span> <span class='ocrx_word' id='word_1_228' title='bbox 711 2805 800 2857; x_wconf 74' lang='lat' dir='ltr'>caure</span> <span class='ocrx_word' id='word_1_229' title='bbox 813 2814 879 2873; x_wconf 80' lang='lat' dir='ltr'>puto</span> <span class='ocrx_word' id='word_1_230' title='bbox 898 2809 1037 2858; x_wconf 80' lang='lat' dir='ltr'>charitosus</span> <span class='ocrx_word' id='word_1_231' title='bbox 1056 2807 1214 2860; x_wconf 80' lang='lat' dir='ltr'>blmsdimen·</span> 
     </span>
     <span class='ocr_line' id='line_1_26' title="bbox 108 2870 1214 2944; baseline 0.003 -16"><span class='ocrx_word' id='word_1_232' title='bbox 108 2885 157 2928; x_wconf 85' lang='lat' dir='ltr'>tum</span> <span class='ocrx_word' id='word_1_233' title='bbox 173 2880 247 2930; x_wconf 80' lang='lat' dir='ltr'>uelut</span> <span class='ocrx_word' id='word_1_234' title='bbox 264 2879 437 2944; x_wconf 78' lang='lat' dir='ltr'>quinquennis</span> <span class='ocrx_word' id='word_1_235' title='bbox 449 2894 520 2944; x_wconf 78' lang='lat' dir='ltr'>puer</span> <span class='ocrx_word' id='word_1_236' title='bbox 537 2878 562 2929; x_wconf 88' lang='lat' dir='ltr'>I.</span> <span class='ocrx_word' id='word_1_237' title='bbox 575 2878 609 2932; x_wconf 82' lang='lat' dir='ltr'>R.</span> <span class='ocrx_word' id='word_1_238' title='bbox 621 2877 657 2928; x_wconf 88' lang='lat' dir='ltr'>N.</span> <span class='ocrx_word' id='word_1_239' title='bbox 677 2880 747 2930; x_wconf 74' lang='lat'><strong><em>6902</em></strong></span> <span class='ocrx_word' id='word_1_240' title='bbox 762 2870 862 2930; x_wconf 85' lang='lat' dir='ltr'>‘musco</span> <span class='ocrx_word' id='word_1_241' title='bbox 875 2878 1016 2931; x_wconf 75' lang='lat' dir='ltr'>charitosus</span> <span class='ocrx_word' id='word_1_242' title='bbox 1033 2880 1130 2931; x_wconf 70' lang='lat' dir='ltr'>sionna</span> <span class='ocrx_word' id='word_1_243' title='bbox 1142 2879 1214 2932; x_wconf 82' lang='lat' dir='ltr'>bens·</span> 
     </span>
     <span class='ocr_line' id='line_1_27' title="bbox 108 2943 1212 3016; baseline 0.003 -16"><span class='ocrx_word' id='word_1_244' title='bbox 108 2945 198 3002; x_wconf 84' lang='lat' dir='ltr'>diclus&#39;</span> <span class='ocrx_word' id='word_1_245' title='bbox 220 2950 369 3016; x_wconf 79' lang='lat' dir='ltr'>appellatur</span> <span class='ocrx_word' id='word_1_246' title='bbox 386 2959 412 3000; x_wconf 86' lang='lat' dir='ltr'>ct</span> <span class='ocrx_word' id='word_1_247' title='bbox 425 2943 599 3002; x_wconf 78' lang='lat' dir='ltr'>‘cdonitiosus&#39;</span> <span class='ocrx_word' id='word_1_248' title='bbox 622 2951 742 3002; x_wconf 78' lang='lat' dir='ltr'>alunnum</span> <span class='ocrx_word' id='word_1_249' title='bbox 759 2966 851 3002; x_wconf 82' lang='lat' dir='ltr'>nmccm</span> <span class='ocrx_word' id='word_1_250' title='bbox 868 2967 949 3002; x_wconf 81' lang='lat' dir='ltr'>minos</span> <span class='ocrx_word' id='word_1_251' title='bbox 966 2959 1044 3003; x_wconf 82' lang='lat' dir='ltr'>numa</span> <span class='ocrx_word' id='word_1_252' title='bbox 1062 2951 1125 3006; x_wconf 80' lang='lat' dir='ltr'>ibid.</span> <span class='ocrx_word' id='word_1_253' title='bbox 1142 2953 1212 3004; x_wconf 88' lang='lat'><strong><em>3001</em></strong></span> 
     </span>
     <span class='ocr_line' id='line_1_28' title="bbox 176 3021 1213 3089; baseline 0.003 -17"><span class='ocrx_word' id='word_1_254' title='bbox 176 3026 191 3072; x_wconf 91' lang='lat'>1</span> <span class='ocrx_word' id='word_1_255' title='bbox 218 3030 331 3072; x_wconf 87' lang='lat' dir='ltr'>nostrum</span> <span class='ocrx_word' id='word_1_256' title='bbox 353 3023 435 3086; x_wconf 88' lang='lat' dir='ltr'>plures</span> <span class='ocrx_word' id='word_1_257' title='bbox 458 3022 590 3072; x_wconf 81' lang='lat' dir='ltr'>Heinsius.</span> <span class='ocrx_word' id='word_1_258' title='bbox 632 3023 713 3086; x_wconf 87' lang='lat' dir='ltr'>plures</span> <span class='ocrx_word' id='word_1_259' title='bbox 741 3021 778 3072; x_wconf 87' lang='lat' dir='ltr'>sic</span> <span class='ocrx_word' id='word_1_260' title='bbox 800 3029 830 3072; x_wconf 86' lang='lat' dir='ltr'>nt</span> <span class='ocrx_word' id='word_1_261' title='bbox 851 3022 926 3074; x_wconf 82' lang='lat' dir='ltr'>multi</span> <span class='ocrx_word' id='word_1_262' title='bbox 944 3037 996 3073; x_wconf 87' lang='lat' dir='ltr'>asae</span> <span class='ocrx_word' id='word_1_263' title='bbox 1018 3023 1048 3074; x_wconf 92' lang='lat' dir='ltr'>in</span> <span class='ocrx_word' id='word_1_264' title='bbox 1069 3023 1161 3089; x_wconf 81' lang='lat' dir='ltr'>utiquc</span> <span class='ocrx_word' id='word_1_265' title='bbox 1185 3039 1213 3075; x_wconf 84' lang='lat' dir='ltr'>rc</span> 
     </span>
     <span class='ocr_line' id='line_1_29' title="bbox 108 3091 1124 3161; baseline 0.003 -18"><span class='ocrx_word' id='word_1_266' title='bbox 108 3091 231 3144; x_wconf 79' lang='lat' dir='ltr'>dicuntan</span> <span class='ocrx_word' id='word_1_267' title='bbox 242 3093 363 3156; x_wconf 74' lang='lat' dir='ltr'>mutan,</span> <span class='ocrx_word' id='word_1_268' title='bbox 381 3093 434 3144; x_wconf 87' lang='lat' dir='ltr'>nisi</span> <span class='ocrx_word' id='word_1_269' title='bbox 444 3092 517 3161; x_wconf 79' lang='lat' dir='ltr'>forte</span> <span class='ocrx_word' id='word_1_270' title='bbox 529 3095 580 3144; x_wconf 85' lang='lat' dir='ltr'>dies</span> <span class='ocrx_word' id='word_1_271' title='bbox 592 3092 724 3144; x_wconf 75' lang='lat' dir='ltr'>intercidit</span> <span class='ocrx_word' id='word_1_272' title='bbox 821 3097 836 3142; x_wconf 82' lang='lat'>2</span> <span class='ocrx_word' id='word_1_273' title='bbox 856 3096 998 3146; x_wconf 82' lang='lat' dir='ltr'>adessemus</span> <span class='ocrx_word' id='word_1_274' title='bbox 1011 3093 1124 3146; x_wconf 76' lang='lat' dir='ltr'>Iahnius</span> 
     </span>
     <span class='ocr_line' id='line_1_30' title="bbox 107 3162 1215 3233; baseline 0.005 -20"><span class='ocrx_word' id='word_1_275' title='bbox 107 3166 207 3216; x_wconf 88' lang='lat' dir='ltr'>stridere</span> <span class='ocrx_word' id='word_1_276' title='bbox 225 3163 290 3219; x_wconf 83' lang='lat' dir='ltr'>cdd.</span> <span class='ocrx_word' id='word_1_277' title='bbox 308 3162 442 3216; x_wconf 85' lang='lat' dir='ltr'>Iccobsiua</span> <span class='ocrx_word' id='word_1_278' title='bbox 556 3173 704 3228; x_wconf 85' lang='lat' dir='ltr'>crepuerunt</span> <span class='ocrx_word' id='word_1_279' title='bbox 725 3164 849 3216; x_wconf 82' lang='lat' dir='ltr'>Trillerua</span> <span class='ocrx_word' id='word_1_280' title='bbox 956 3169 973 3214; x_wconf 85' lang='lat'>4</span> <span class='ocrx_word' id='word_1_281' title='bbox 991 3173 1088 3230; x_wconf 86' lang='lat' dir='ltr'>poterat</span> <span class='ocrx_word' id='word_1_282' title='bbox 1103 3166 1215 3233; x_wconf 70' lang='lat' dir='ltr'>glossam</span> 
     </span>
     <span class='ocr_line' id='line_1_31' title="bbox 108 3235 1213 3300; baseline 0.003 -15"><span class='ocrx_word' id='word_1_283' title='bbox 108 3236 188 3286; x_wconf 69' lang='lat' dir='ltr'>nnius</span> <span class='ocrx_word' id='word_1_284' title='bbox 205 3235 347 3286; x_wconf 77' lang='lat' dir='ltr'>Patauina.</span> <span class='ocrx_word' id='word_1_285' title='bbox 378 3238 420 3300; x_wconf 87' lang='lat' dir='ltr'>qui</span> <span class='ocrx_word' id='word_1_286' title='bbox 438 3238 459 3287; x_wconf 89' lang='lat' dir='ltr'>si</span> <span class='ocrx_word' id='word_1_287' title='bbox 478 3237 577 3286; x_wconf 83' lang='lat' dir='ltr'>uolebat</span> <span class='ocrx_word' id='word_1_288' title='bbox 593 3243 691 3300; x_wconf 82' lang='lat' dir='ltr'>poterat</span> <span class='ocrx_word' id='word_1_289' title='bbox 708 3235 875 3300; x_wconf 71' lang='lat' dir='ltr'>Maronianae,</span> <span class='ocrx_word' id='word_1_290' title='bbox 894 3235 1019 3288; x_wconf 80' lang='lat' dir='ltr'>Heinaim</span> <span class='ocrx_word' id='word_1_291' title='bbox 1121 3238 1213 3288; x_wconf 89' lang='lat' dir='ltr'>bouem</span> 
     </span>
     <span class='ocr_line' id='line_1_32' title="bbox 107 3303 1212 3371; baseline 0.002 -15"><span class='ocrx_word' id='word_1_292' title='bbox 107 3303 237 3358; x_wconf 86' lang='lat' dir='ltr'>Bciclcius:</span> <span class='ocrx_word' id='word_1_293' title='bbox 257 3309 344 3358; x_wconf 90' lang='lat' dir='ltr'>Iouem</span> <span class='ocrx_word' id='word_1_294' title='bbox 356 3306 390 3358; x_wconf 88' lang='lat' dir='ltr'><em>H</em></span> <span class='ocrx_word' id='word_1_295' title='bbox 492 3309 507 3356; x_wconf 81' lang='lat'><strong>5</strong></span> <span class='ocrx_word' id='word_1_296' title='bbox 526 3309 679 3371; x_wconf 87' lang='lat' dir='ltr'>procucurrit</span> <span class='ocrx_word' id='word_1_297' title='bbox 690 3306 725 3358; x_wconf 85' lang='grc' dir='ltr'><strong><em>Η</em></strong></span> <span class='ocrx_word' id='word_1_298' title='bbox 730 3315 759 3358; x_wconf 81' lang='lat' dir='ltr'>ut</span> <span class='ocrx_word' id='word_1_299' title='bbox 771 3307 915 3358; x_wconf 82' lang='lat' dir='ltr'>coniecerat</span> <span class='ocrx_word' id='word_1_300' title='bbox 931 3306 1070 3371; x_wconf 76' lang='lat' dir='ltr'>Heinsius,</span> <span class='ocrx_word' id='word_1_301' title='bbox 1093 3323 1145 3357; x_wconf 91' lang='lat' dir='ltr'>non</span> <span class='ocrx_word' id='word_1_302' title='bbox 1157 3323 1212 3371; x_wconf 89' lang='lat' dir='ltr'>pra·</span> 
     </span>
     <span class='ocr_line' id='line_1_33' title="bbox 108 3375 1212 3443; baseline 0.001 -17"><span class='ocrx_word' id='word_1_303' title='bbox 108 3381 213 3428; x_wconf 85' lang='lat' dir='ltr'>cucurrit</span> <span class='ocrx_word' id='word_1_304' title='bbox 302 3381 317 3428; x_wconf 87' lang='grc'>6</span> <span class='ocrx_word' id='word_1_305' title='bbox 332 3386 393 3443; x_wconf 79' lang='lat' dir='ltr'>post</span> <span class='ocrx_word' id='word_1_306' title='bbox 410 3380 521 3430; x_wconf 88' lang='lat' dir='ltr'>inuoluta</span> <span class='ocrx_word' id='word_1_307' title='bbox 534 3377 618 3429; x_wconf 81' lang='lat' dir='ltr'>dccsac</span> <span class='ocrx_word' id='word_1_308' title='bbox 630 3380 717 3430; x_wconf 74' lang='lat' dir='ltr'>laeum</span> <span class='ocrx_word' id='word_1_309' title='bbox 729 3379 772 3430; x_wconf 83' lang='lat' dir='ltr'>uel</span> <span class='ocrx_word' id='word_1_310' title='bbox 783 3379 890 3428; x_wconf 88' lang='lat' dir='ltr'>amiculo</span> <span class='ocrx_word' id='word_1_311' title='bbox 902 3378 945 3428; x_wconf 85' lang='lat' dir='ltr'>usi</span> <span class='ocrx_word' id='word_1_312' title='bbox 956 3379 1069 3429; x_wconf 86' lang='lat' dir='ltr'>lacernae</span> <span class='ocrx_word' id='word_1_313' title='bbox 1081 3375 1124 3428; x_wconf 83' lang='lat' dir='ltr'>ascl</span> <span class='ocrx_word' id='word_1_314' title='bbox 1138 3379 1212 3442; x_wconf 86' lang='lat' dir='ltr'>pallio</span> 
     </span>
    </p>
   </div>
   <div class='ocr_carea' id='block_1_6' title="bbox 101 3449 1299 3889">
    <p class='ocr_par' dir='ltr' id='par_1_9' title="bbox 101 3449 1299 3670">
     <span class='ocr_line' id='line_1_34' title="bbox 107 3449 1212 3529; baseline 0 -14"><span class='ocrx_word' id='word_1_315' title='bbox 107 3465 147 3515; x_wconf 87' lang='lat' dir='ltr'>uel</span> <span class='ocrx_word' id='word_1_316' title='bbox 162 3467 268 3516; x_wconf 81' lang='lat' dir='ltr'>luciariae</span> <span class='ocrx_word' id='word_1_317' title='bbox 279 3467 388 3517; x_wconf 86' lang='lat' dir='ltr'>Heinsio</span> <span class='ocrx_word' id='word_1_318' title='bbox 406 3466 546 3518; x_wconf 77' lang='lat' dir='ltr'>uidebatur·</span> <span class='ocrx_word' id='word_1_319' title='bbox 659 3449 736 3517; x_wconf 68' lang='lat' dir='ltr'>mauu</span> <span class='ocrx_word' id='word_1_320' title='bbox 762 3450 905 3516; x_wconf 71' lang='lat' dir='ltr'>sifiistrcH</span> <span class='ocrx_word' id='word_1_321' title='bbox 1003 3470 1016 3515; x_wconf 81' lang='lat' dir='ltr'>l</span> <span class='ocrx_word' id='word_1_322' title='bbox 1036 3466 1156 3529; x_wconf 83' lang='lat' dir='ltr'>gemitum</span> <span class='ocrx_word' id='word_1_323' title='bbox 1175 3476 1212 3516; x_wconf 88' lang='lat' dir='ltr'>set</span> 
     </span>
     <span class='ocr_line' id='line_1_35' title="bbox 107 3535 1299 3604; baseline 0.003 -20"><span class='ocrx_word' id='word_1_324' title='bbox 107 3537 208 3602; x_wconf 69' lang='lat' dir='ltr'>scepsis</span> <span class='ocrx_word' id='word_1_325' title='bbox 220 3539 340 3602; x_wconf 86' lang='lat' dir='ltr'>gemitum</span> <span class='ocrx_word' id='word_1_326' title='bbox 353 3546 378 3589; x_wconf 88' lang='lat' dir='ltr'>et</span> <span class='ocrx_word' id='word_1_327' title='bbox 389 3538 425 3593; x_wconf 87' lang='lat' dir='ltr'>H.</span> <span class='ocrx_word' id='word_1_328' title='bbox 453 3540 496 3588; x_wconf 89' lang='lat' dir='ltr'>sed</span> <span class='ocrx_word' id='word_1_329' title='bbox 507 3538 568 3588; x_wconf 85' lang='lat' dir='ltr'>item</span> <span class='ocrx_word' id='word_1_330' title='bbox 579 3537 721 3602; x_wconf 80' lang='lat' dir='ltr'>Iccobaius,</span> <span class='ocrx_word' id='word_1_331' title='bbox 735 3545 761 3588; x_wconf 87' lang='lat' dir='ltr'>at</span> <span class='ocrx_word' id='word_1_332' title='bbox 772 3535 918 3601; x_wconf 75' lang='lat' dir='ltr'>Scloeffencs</span> <span class='ocrx_word' id='word_1_333' title='bbox 1002 3537 1110 3600; x_wconf 86' lang='lat' dir='ltr'>8ipsam</span> <span class='ocrx_word' id='word_1_334' title='bbox 1121 3535 1211 3604; x_wconf 76' lang='lat' dir='ltr'>Scies·</span> <span class='ocrx_word' id='word_1_335' title='bbox 1295 3597 1299 3604; x_wconf 26' lang='grc'>1</span> 
     </span>
     <span class='ocr_line' id='line_1_36' title="bbox 101 3606 1123 3670; baseline 0.003 -14"><span class='ocrx_word' id='word_1_336' title='bbox 101 3606 175 3670; x_wconf 76' lang='lat' dir='ltr'>fenis</span> <span class='ocrx_word' id='word_1_337' title='bbox 264 3611 329 3659; x_wconf 88' lang='lat' dir='ltr'>intro</span> <span class='ocrx_word' id='word_1_338' title='bbox 347 3624 461 3660; x_wconf 88' lang='lat' dir='ltr'>reuersus</span> <span class='ocrx_word' id='word_1_339' title='bbox 473 3608 606 3662; x_wconf 74' lang='lat' dir='ltr'>Heinius.</span> <span class='ocrx_word' id='word_1_340' title='bbox 624 3609 744 3659; x_wconf 86' lang='lat' dir='ltr'>introrsus</span> <span class='ocrx_word' id='word_1_341' title='bbox 762 3615 800 3659; x_wconf 90' lang='lat' dir='ltr'>cst</span> <span class='ocrx_word' id='word_1_342' title='bbox 809 3608 838 3658; x_wconf 87' lang='lat' dir='ltr'>in</span> <span class='ocrx_word' id='word_1_343' title='bbox 857 3606 960 3659; x_wconf 77' lang='lat' dir='ltr'>deinum</span> <span class='ocrx_word' id='word_1_344' title='bbox 975 3607 1123 3659; x_wconf 81' lang='lat' dir='ltr'>interiorem</span> 
     </span>
    </p>

    <p class='ocr_par' dir='ltr' id='par_1_10' title="bbox 108 3679 1214 3817">
     <span class='ocr_line' id='line_1_37' title="bbox 110 3679 1214 3746; baseline 0.003 -19"><span class='ocrx_word' id='word_1_345' title='bbox 110 3681 139 3728; x_wconf 91' lang='lat'>10</span> <span class='ocrx_word' id='word_1_346' title='bbox 158 3683 216 3744; x_wconf 84' lang='lat' dir='ltr'>quia</span> <span class='ocrx_word' id='word_1_347' title='bbox 227 3680 265 3745; x_wconf 86' lang='lat' dir='ltr'>H,</span> <span class='ocrx_word' id='word_1_348' title='bbox 282 3697 333 3731; x_wconf 89' lang='lat' dir='ltr'>non</span> <span class='ocrx_word' id='word_1_349' title='bbox 345 3683 412 3746; x_wconf 88' lang='lat' dir='ltr'>quod</span> <span class='ocrx_word' id='word_1_350' title='bbox 517 3684 548 3730; x_wconf 88' lang='grc'>11</span> <span class='ocrx_word' id='word_1_351' title='bbox 569 3695 626 3730; x_wconf 90' lang='lat' dir='ltr'>cum</span> <span class='ocrx_word' id='word_1_352' title='bbox 639 3680 743 3746; x_wconf 81' lang='lat' dir='ltr'>scripsi:</span> <span class='ocrx_word' id='word_1_353' title='bbox 762 3682 821 3729; x_wconf 90' lang='lat' dir='ltr'>dum</span> <span class='ocrx_word' id='word_1_354' title='bbox 834 3679 870 3732; x_wconf 86' lang='lat' dir='ltr'>H.</span> <span class='ocrx_word' id='word_1_355' title='bbox 897 3695 950 3729; x_wconf 86' lang='lat' dir='ltr'>non</span> <span class='ocrx_word' id='word_1_356' title='bbox 962 3679 1052 3744; x_wconf 78' lang='lat' dir='ltr'>placet</span> <span class='ocrx_word' id='word_1_357' title='bbox 1062 3681 1122 3731; x_wconf 87' lang='lat' dir='ltr'>dum</span> <span class='ocrx_word' id='word_1_358' title='bbox 1134 3687 1214 3732; x_wconf 85' lang='lat' dir='ltr'>mater</span> 
     </span>
     <span class='ocr_line' id='line_1_38' title="bbox 108 3750 1078 3817; baseline 0.003 -19"><span class='ocrx_word' id='word_1_359' title='bbox 108 3753 278 3814; x_wconf 82' lang='lat' dir='ltr'>amplexat-et</span> <span class='ocrx_word' id='word_1_360' title='bbox 295 3755 382 3817; x_wconf 79' lang='lat' dir='ltr'>tangit,</span> <span class='ocrx_word' id='word_1_361' title='bbox 399 3753 466 3803; x_wconf 84' lang='lat' dir='ltr'>uidet</span> <span class='ocrx_word' id='word_1_362' title='bbox 484 3751 530 3802; x_wconf 81' lang='lat' dir='ltr'>scd</span> <span class='ocrx_word' id='word_1_363' title='bbox 546 3751 631 3801; x_wconf 83' lang='lat' dir='ltr'>nescio</span> <span class='ocrx_word' id='word_1_364' title='bbox 649 3768 686 3801; x_wconf 83' lang='lat' dir='ltr'>cn</span> <span class='ocrx_word' id='word_1_365' title='bbox 703 3753 783 3814; x_wconf 86' lang='lat' dir='ltr'>tangit</span> <span class='ocrx_word' id='word_1_366' title='bbox 801 3757 826 3801; x_wconf 90' lang='lat' dir='ltr'>et</span> <span class='ocrx_word' id='word_1_367' title='bbox 843 3750 1026 3816; x_wconf 75' lang='lat' dir='ltr'>interpolatum</span> <span class='ocrx_word' id='word_1_368' title='bbox 1043 3751 1078 3801; x_wconf 86' lang='lat' dir='ltr'>sit</span> 
     </span>
    </p>

    <p class='ocr_par' dir='ltr' id='par_1_11' title="bbox 110 3821 1212 3889">
     <span class='ocr_line' id='line_1_39' title="bbox 110 3821 1212 3889; baseline 0.004 -21"><span class='ocrx_word' id='word_1_369' title='bbox 110 3821 140 3870; x_wconf 76' lang='lat'>12</span> <span class='ocrx_word' id='word_1_370' title='bbox 158 3837 189 3872; x_wconf 89' lang='lat' dir='ltr'>en</span> <span class='ocrx_word' id='word_1_371' title='bbox 202 3824 270 3874; x_wconf 87' lang='lat' dir='ltr'>uidet</span> <span class='ocrx_word' id='word_1_372' title='bbox 281 3822 426 3889; x_wconf 78' lang='lat' dir='ltr'>Sclrcffsnes</span> <span class='ocrx_word' id='word_1_373' title='bbox 532 3824 702 3887; x_wconf 89' lang='lat' dir='ltr'>manupiolum</span> <span class='ocrx_word' id='word_1_374' title='bbox 714 3821 846 3886; x_wconf 83' lang='lat' dir='ltr'>Heinsius,</span> <span class='ocrx_word' id='word_1_375' title='bbox 865 3824 1000 3873; x_wconf 80' lang='lat' dir='ltr'>mariolum</span> <span class='ocrx_word' id='word_1_376' title='bbox 1016 3822 1141 3874; x_wconf 78' lang='lat' dir='ltr'>Tnllcrua</span> <span class='ocrx_word' id='word_1_377' title='bbox 1156 3837 1212 3873; x_wconf 87' lang='lat' dir='ltr'>asn-</span> 
     </span>
    </p>
   </div>
   <div class='ocr_carea' id='block_1_7' title="bbox 108 3894 1213 4189">
    <p class='ocr_par' dir='ltr' id='par_1_12' title="bbox 108 3894 1213 4189">
     <span class='ocr_line' id='line_1_40' title="bbox 109 3894 1213 3978; baseline 0.003 -21"><span class='ocrx_word' id='word_1_378' title='bbox 109 3910 198 3961; x_wconf 85' lang='lat' dir='ltr'>tsntinc</span> <span class='ocrx_word' id='word_1_379' title='bbox 215 3927 268 3961; x_wconf 83' lang='lat' dir='ltr'>non</span> <span class='ocrx_word' id='word_1_380' title='bbox 284 3912 393 3978; x_wconf 76' lang='lat' dir='ltr'>ipncncs</span> <span class='ocrx_word' id='word_1_381' title='bbox 546 3912 578 3959; x_wconf 84' lang='lat'>13</span> <span class='ocrx_word' id='word_1_382' title='bbox 596 3894 671 3974; x_wconf 60' lang='lat' dir='ltr'>striga</span> <span class='ocrx_word' id='word_1_383' title='bbox 689 3894 793 3974; x_wconf 74' lang='lat' dir='ltr'>pueium</span> <span class='ocrx_word' id='word_1_384' title='bbox 810 3909 845 3960; x_wconf 87' lang='lat' dir='ltr'><em>H</em></span> <span class='ocrx_word' id='word_1_385' title='bbox 972 3914 1005 3962; x_wconf 83' lang='lat'>14</span> <span class='ocrx_word' id='word_1_386' title='bbox 1023 3913 1213 3961; x_wconf 86' lang='lat' dir='ltr'>stramentitium</span> 
     </span>
     <span class='ocr_line' id='line_1_41' title="bbox 108 3978 1212 4046; baseline 0.003 -17"><span class='ocrx_word' id='word_1_387' title='bbox 108 3978 140 4029; x_wconf 87' lang='lat' dir='ltr'><em>H</em></span> <span class='ocrx_word' id='word_1_388' title='bbox 239 3992 385 4034; x_wconf 80' lang='lat' dir='ltr'>sanatorem</span> <span class='ocrx_word' id='word_1_389' title='bbox 403 4000 420 4033; x_wconf 88' lang='lat' dir='ltr'>a</span> <span class='ocrx_word' id='word_1_390' title='bbox 437 4000 474 4033; x_wconf 88' lang='lat' dir='ltr'>nc</span> <span class='ocrx_word' id='word_1_391' title='bbox 491 3999 528 4032; x_wconf 85' lang='lat' dir='ltr'>acc</span> <span class='ocrx_word' id='word_1_392' title='bbox 545 3997 607 4031; x_wconf 81' lang='lat' dir='ltr'>uoce</span> <span class='ocrx_word' id='word_1_393' title='bbox 624 3979 766 4046; x_wconf 83' lang='lat' dir='ltr'>insontium</span> <span class='ocrx_word' id='word_1_394' title='bbox 790 3989 837 4031; x_wconf 86' lang='lat' dir='ltr'>cut</span> <span class='ocrx_word' id='word_1_395' title='bbox 853 3984 1019 4034; x_wconf 84' lang='lat' dir='ltr'>babaetonem</span> <span class='ocrx_word' id='word_1_396' title='bbox 1042 3983 1086 4034; x_wconf 84' lang='lat' dir='ltr'>uel</span> <span class='ocrx_word' id='word_1_397' title='bbox 1108 3984 1212 4033; x_wconf 89' lang='lat' dir='ltr'>bsbaso·</span> 
     </span>
     <span class='ocr_line' id='line_1_42' title="bbox 109 4045 1212 4120; baseline 0.003 -21"><span class='ocrx_word' id='word_1_398' title='bbox 109 4066 164 4100; x_wconf 89' lang='lat' dir='ltr'>nem</span> <span class='ocrx_word' id='word_1_399' title='bbox 181 4069 198 4102; x_wconf 87' lang='lat' dir='ltr'>c</span> <span class='ocrx_word' id='word_1_400' title='bbox 215 4045 335 4120; x_wconf 79' lang='grc' dir='ltr'>βαβᾶζειν</span> <span class='ocrx_word' id='word_1_401' title='bbox 354 4063 401 4105; x_wconf 86' lang='lat' dir='ltr'>cut</span> <span class='ocrx_word' id='word_1_402' title='bbox 416 4056 572 4104; x_wconf 83' lang='lat' dir='ltr'>balatronem</span> <span class='ocrx_word' id='word_1_403' title='bbox 590 4050 730 4116; x_wconf 83' lang='lat' dir='ltr'>Heinsius,</span> <span class='ocrx_word' id='word_1_404' title='bbox 750 4053 895 4104; x_wconf 84' lang='lat' dir='ltr'>bobatorem</span> <span class='ocrx_word' id='word_1_405' title='bbox 914 4070 932 4104; x_wconf 85' lang='lat' dir='ltr'>c</span> <span class='ocrx_word' id='word_1_406' title='bbox 950 4053 1052 4117; x_wconf 79' lang='grc' dir='ltr'>βαυβεῒν</span> <span class='ocrx_word' id='word_1_407' title='bbox 1071 4061 1118 4104; x_wconf 85' lang='lat' dir='ltr'>ont</span> <span class='ocrx_word' id='word_1_408' title='bbox 1134 4055 1212 4104; x_wconf 88' lang='lat' dir='ltr'>blato-</span> 
     </span>
     <span class='ocr_line' id='line_1_43' title="bbox 109 4124 1211 4189; baseline 0.003 -18"><span class='ocrx_word' id='word_1_409' title='bbox 109 4136 164 4171; x_wconf 89' lang='lat' dir='ltr'>ucm</span> <span class='ocrx_word' id='word_1_410' title='bbox 181 4132 227 4174; x_wconf 86' lang='lat' dir='ltr'>ant</span> <span class='ocrx_word' id='word_1_411' title='bbox 243 4126 381 4176; x_wconf 82' lang='lat' dir='ltr'>sicciorem</span> <span class='ocrx_word' id='word_1_412' title='bbox 405 4125 531 4176; x_wconf 74' lang='lat' dir='ltr'>ercnia</span> <span class='ocrx_word' id='word_1_413' title='bbox 544 4124 624 4175; x_wconf 89' lang='lat' dir='ltr'>Aiccc</span> <span class='ocrx_word' id='word_1_414' title='bbox 641 4124 813 4174; x_wconf 82' lang='lat' dir='ltr'>strmncnticic</span> <span class='ocrx_word' id='word_1_415' title='bbox 831 4124 927 4177; x_wconf 76' lang='lat' dir='ltr'>abusus</span> <span class='ocrx_word' id='word_1_416' title='bbox 945 4125 1112 4189; x_wconf 75' lang='lat' dir='ltr'>Mauretania,</span> <span class='ocrx_word' id='word_1_417' title='bbox 1129 4127 1211 4175; x_wconf 85' lang='lat' dir='ltr'>lama·</span> 
     </span>
    </p>
   </div>
   <div class='ocr_carea' id='block_1_8' title="bbox 109 4189 1102 4320">
    <p class='ocr_par' dir='ltr' id='par_1_13' title="bbox 109 4189 1102 4320">
     <span class='ocr_line' id='line_1_44' title="bbox 109 4189 1102 4320; baseline 0.015 -79"><span class='ocrx_word' id='word_1_418' title='bbox 109 4192 198 4311; x_wconf 50' lang='lat' dir='ltr'>{onem</span> <span class='ocrx_word' id='word_1_419' title='bbox 216 4199 430 4320; x_wconf 50' lang='lat' dir='ltr'>outlfprlangonem</span> <span class='ocrx_word' id='word_1_420' title='bbox 447 4195 479 4248; x_wconf 78' lang='lat' dir='ltr'>id</span> <span class='ocrx_word' id='word_1_421' title='bbox 496 4202 533 4247; x_wconf 86' lang='lat' dir='ltr'>cat</span> <span class='ocrx_word' id='word_1_422' title='bbox 549 4189 677 4266; x_wconf 78' lang='grc' dir='ltr'>πλαγγὸνα</span> <span class='ocrx_word' id='word_1_423' title='bbox 698 4193 823 4248; x_wconf 75' lang='lat' dir='ltr'>Trillcrua</span> <span class='ocrx_word' id='word_1_424' title='bbox 940 4202 971 4248; x_wconf 85' lang='grc'>17</span> <span class='ocrx_word' id='word_1_425' title='bbox 990 4212 1049 4264; x_wconf 73' lang='lat' dir='ltr'>ymo</span> <span class='ocrx_word' id='word_1_426' title='bbox 1067 4194 1102 4246; x_wconf 80' lang='grc' dir='ltr'><strong><em>Η</em></strong></span> 
     </span>
     <span class='ocr_line' id='line_1_45' title="bbox 130 4275 236 4316; baseline 0.019 -2"><span class='ocrx_word' id='word_1_427' title='bbox 130 4275 236 4316; x_wconf 84' lang='lat' dir='ltr'>caeneus</span> 
     </span>
    </p>
   </div>
   <div class='ocr_carea' id='block_1_9' title="bbox 0 0 1516 4956">
    <p class='ocr_par' dir='ltr' id='par_1_14' title="bbox 0 0 1516 4956">
     <span class='ocr_line' id='line_1_46' title="bbox 0 0 1516 4956; baseline 0 0"><span class='ocrx_word' id='word_1_428' title='bbox 0 0 1516 4956; x_wconf 95' lang='lat' dir='ltr'> </span> 
     </span>
    </p>
   </div>
  </div>
 </body>
</html>
