3008 4962
320 440 357 500 16
791 431 947 484 rnrnonu
994 413 996 426 '

373 586 385 674 d
401 589 453 651 sed
470 595 585 667 praeter
600 605 692 650 unum
708 586 894 667 dipondium,
911 605 969 665 quo
982 585 1057 646 cicer
1067 584 1244 665 lupinosque
1255 588 1443 649 destinare-l

315 707 415 752 ramus
431 684 563 757 mercari,
578 685 650 746 nihil
665 686 700 746 ad
715 705 835 748 manum
850 692 920 746 erat.
950 685 1047 764 itaque
1061 702 1098 744 ne
1110 684 1226 746 interim
1239 687 1353 764 praeda
1365 687 1420 747 dis-

317 787 447 860 cederet,
466 785 512 847 vel
535 783 657 844 minoris
677 784 794 861 pallium
810 784 944 846 addicere
959 783 1083 863 placuit,
1104 792 1136 845 ut
1151 784 1279 863 pretium
1305 783 1420 844 maioris

316 883 483 965 compendii
501 883 593 944 levior
611 882 719 944 faceret
740 882 858 944 iactura.
894 901 960 943 cum
983 882 1111 961 primum
1135 901 1204 960 ergo
1227 881 1420 961 explicuimus

315 1002 453 1057 mercem,
469 981 572 1043 mulier
588 987 691 1059 operto
708 981 809 1060 capite,
824 999 898 1060 quae
915 999 980 1041 cum
996 979 1107 1040 rustico
1124 987 1256 1054 steterat,
1279 979 1419 1060 inspectis
1434 986 1444 1033 5

316 1079 481 1160 diligentius
502 1077 594 1156 signis
609 1078 707 1140 iniecit
721 1086 874 1157 utramque
890 1079 1011 1140 laciniae
1025 1096 1147 1140 manum
1162 1080 1334 1158 magnaque
1349 1077 1419 1139 voci-

315 1179 457 1240 feratione
467 1169 621 1238 ‘latronem
637 1167 740 1236 tenete'
756 1175 894 1236 damasit.
925 1183 1026 1238 contra
1038 1195 1094 1238 nos
1107 1176 1278 1255 perturbati,
1293 1194 1334 1237 ne
1349 1177 1421 1236 vide-

315 1295 416 1340 remur
430 1275 502 1337 nihil
517 1293 615 1352 agere,
631 1274 730 1354 stipsi
745 1274 869 1336 scissam
885 1280 914 1334 et
928 1273 1076 1335 sordidam
1091 1281 1190 1335 tenere
1205 1275 1365 1354 coepimus
1380 1280 1423 1333 tu-

317 1375 412 1437 nicam
432 1381 518 1453 atque
538 1373 638 1434 eadem
653 1370 760 1432 invidia
776 1371 970 1450 proclamare,
989 1379 1090 1432 nostra
1106 1392 1173 1434 esse
1187 1373 1283 1452 spolia
1300 1391 1376 1452 quae
1389 1369 1423 1430 illi

317 1473 511 1554 possiderent.
541 1471 593 1532 sed
612 1470 693 1531 nullo
717 1485 821 1548 genere
840 1487 892 1547 par
907 1477 969 1530 erat
984 1489 1088 1532 caussa
1102 1478 1218 1544 nostra,
1240 1479 1271 1532 et
1285 1470 1422 1532 cociones
1436 1474 1456 1524 lt

318 1572 367 1651 qui
386 1571 422 1632 ad
442 1571 599 1632 clamorem
620 1567 834 1639 confluxerant,
854 1573 986 1628 nostram
1007 1569 1116 1629 scilicet
1136 1569 1171 1629 de
1190 1588 1274 1629 more
1290 1567 1423 1629 ridebant

317 1670 469 1743 invidiam,
496 1667 573 1748 quod
594 1684 648 1746 pro
667 1664 714 1725 illa
735 1671 818 1744 parte
835 1663 1019 1727 vindicabant
1039 1667 1283 1746 pretiosissimam
1307 1674 1422 1737 restem,

318 1788 373 1850 pro
385 1769 440 1830 hac
450 1765 624 1848 pannuciam
636 1782 674 1824 ne
685 1760 855 1822 centonibus
868 1762 985 1841 quidem
997 1764 1083 1826 bonis
1096 1765 1221 1842 dignam.-
1245 1763 1421 1842 bincAscyl-

265 1874 303 1935 15
317 1867 445 1930 tosbene
456 1867 549 1928 risum
561 1861 708 1934 discussit,
721 1860 770 1939 qui
782 1859 895 1920 silentio
906 1860 983 1922 facto
991 1853 1143 1923 ‘videmus'
1154 1856 1357 1941 inquit‘suam
1366 1861 1422 1922 cui-

320 1984 377 2045 que
395 1984 458 2026 rcm
478 1983 543 2024 esse
564 1959 757 2033 carissimam3
777 1959 899 2019 reddant
919 1959 1006 2020 nobis
1021 1960 1148 2022 tunicam
1165 1968 1301 2022 nostram
1319 1970 1349 2022 et
1364 1959 1420 2040 pal·
1435 1968 1455 2017 15

318 2065 389 2124 lium
406 2081 491 2123 suum
507 2047 664 2138 recipiant.³
694 2055 749 2116 etsi
768 2057 878 2118 rustico
899 2057 1069 2136 mulierique
1089 2059 1219 2138 placebat
1237 2058 1421 2139 permutatio,

320 2157 450 2221 advocati
469 2165 568 2218 tamen
588 2155 644 2216 iarn
664 2171 756 2232 paene
771 2155 921 2227 nocturni,
943 2156 991 2234 qni
1006 2157 1143 2219 volebant
1157 2157 1276 2237 pallium
1290 2155 1369 2218 lucri
1381 2155 1395 2214 l
1408 2188 1420 2198 -

320 2275 399 2331 cere,
421 2255 587 2335 flagitabant
605 2252 647 2313 uti
667 2253 742 2330 apud
764 2272 796 2312 se
815 2260 937 2332 utraque
956 2255 1172 2334 deponerentur
1191 2275 1225 2317 ac
1239 2262 1366 2335 postero
1382 2254 1422 2314 dic

318 2354 404 2417 iudex
423 2354 578 2433 querellam
597 2351 763 2430 inspiceret.
792 2370 887 2432 neque
906 2351 983 2412 enirn
999 2361 1185 2428 restantem,
1201 2355 1421 2433 quaevideren·

318 2460 374 2528 tur,
389 2452 419 2514 in
435 2451 664 2514 controversiam
680 2469 757 2524 esse,
780 2451 831 2511 sed
845 2451 931 2528 longe
947 2451 1023 2513 aliud
1039 2452 1150 2532 quaeri,
1165 2453 1241 2532 quod
1255 2451 1286 2512 in
1301 2459 1421 2530 unaque
1434 2458 1457 2510 al

317 2559 401 2632 parte
417 2551 525 2614 scilicet
538 2550 682 2613 latrocinii
698 2548 822 2630 suspitio
839 2548 1002 2610 haberetur.
1032 2550 1090 2612 iam
1105 2551 1246 2630 sequestri
1262 2550 1422 2631 placebant,

393 2729 405 2775 l
427 2728 571 2791 dipondium
593 2728 652 2776 sicel
669 2727 814 2790 lupinosque
833 2725 920 2787 quibus
939 2725 1151 2774 destinaueremus
1169 2725 1238 2788 libri,
1257 2727 1324 2775 cicer
1343 2725 1381 2775 ad
1396 2724 1422 2773 si-

320 2798 357 2846 cel
376 2796 536 2862 adscriptum
558 2814 647 2862 scarpo
666 2804 689 2859 t,
713 2797 759 2860 qui
772 2803 912 2860 practerea
930 2812 960 2845 ac
979 2797 1098 2846 sicilicum
1116 2799 1204 2860 quibus
1222 2798 1322 2861 lupinos
1342 2800 1367 2850 d.
1385 2811 1423 2844 en·

319 2866 399 2916 bibet:
424 2867 627 2917 emenduuerunt
652 2867 763 2916 incertus
790 2884 808 2915 a
834 2865 944 2916 Bosalaio
971 2876 1137 2933 memoratus,
1169 2867 1194 2920 Ι.
1213 2867 1246 2918 F.
1267 2867 1421 2927 Grononius,

319 2936 452 2986 Heinsius.
488 2939 580 2988 scilicet
593 2955 646 3003 pro
664 2939 722 2986 sicel
744 2937 889 3001 Turnebus,
914 2940 975 2989 siser
993 2939 1142 3006 Puteanus,
1163 2951 1262 3004 praeter
1281 2940 1423 3003 dipondium

319 3009 487 3073 sicilicumque
505 3011 593 3072 quibus
610 3010 708 3074 lupinos
727 3010 750 3058 d.
763 3007 881 3074 Saaliper
988 3014 1003 3060 2
1023 3019 1083 3064 erat.
1101 3012 1185 3074 itaque
1197 3012 1422 3072 nra—discederet,

319 3081 360 3128 nel
376 3096 411 3132 m.
429 3096 518 3146 marqo
537 3087 558 3128 t:
577 3089 639 3143 erat,
657 3081 880 3134 ne-disccderet.
904 3081 986 3144 itaque
1005 3083 1045 3132 uel
1063 3098 1096 3132 m.
1109 3081 1170 3133 libri
1270 3083 1373 3132 interim
1380 3087 1422 3146 pt:

319 3151 409 3200 uiritim
427 3152 453 3200 L
466 3150 606 3217 probatum
628 3149 767 3216 Scalipero.
805 3151 837 3217 ef.
856 3151 1034 3216 adp.15,6
1144 3156 1236 3203 3cum
1254 3155 1363 3217 pretium
1381 3151 1422 3201 Iu

319 3221 426 3287 cobsius,
462 3230 489 3274 ut
512 3237 568 3287 spes
591 3222 762 3273 Boemoraeus
886 3225 997 3272 dlenior
1020 3223 1045 3273 I.
1064 3223 1098 3274 F.
1115 3224 1278 3276 Gronouius:
1305 3226 1422 3274 leuiorem

320 3292 380 3345 libri
496 3293 613 3361 fortasse
631 3288 739 3343 ediceret
862 3295 957 3344 iectura
974 3294 1001 3345 I.
1020 3294 1053 3345 F.
1073 3295 1237 3346 Gronouius:
1255 3296 1379 3344 iacturam
1397 3293 1422 3342 li·

319 3364 360 3417 bri
406 3397 408 3408 ·
467 3367 588 3431 5opert0
614 3364 769 3414 Wouuerius
791 3362 828 3412 ud
846 3380 903 3428 cap.
924 3369 970 3418 16:
989 3374 1073 3430 aperto
1093 3366 1153 3416 libri
1269 3369 1422 3428 dntranqne

319 3439 344 3488 L
452 3441 465 3488 l
485 3445 567 3488 tenete
582 3429 649 3488 ‘alii'
671 3434 745 3501 apud
763 3435 890 3500 Danaam,
908 3435 1047 3487 Heinsius:
1066 3445 1149 3487 tenere
1167 3437 1234 3500 libri,
1254 3454 1305 3502 quo
1323 3443 1423 3488 seruato

318 3526 344 3560 se
358 3509 509 3562 addendum
513 3509 600 3576 fuisse
611 3510 665 3560 iam
673 3509 768 3558 Dounu
780 3507 865 3558 sensit.
884 3507 938 3558 lolli
949 3508 1056 3559 uerbum
1067 3507 1268 3575 Oudendorpius
1280 3508 1358 3560 iussit

322 3583 354 3632 10
372 3590 458 3632 nostra
471 3589 516 3647 ps:
533 3583 598 3631 Nam
617 3582 650 3635 L.
679 3579 794 3646 fortasse
812 3577 949 3630 delendum
1065 3583 1179 3630 cociones
1198 3581 1240 3645 qui
1257 3580 1353 3644 scripsi
1370 3593 1424 3630 cun

319 3648 463 3700 Salmasio:
482 3654 615 3702 conciones
633 3668 696 3715 queo
714 3651 775 3702 lidii
884 3653 916 3700 12
934 3652 1057 3702 inscitiam
1074 3669 1164 3718 marqo
1183 3659 1199 3715 t,
1219 3660 1303 3702 nostre
1322 3659 1348 3703 et
1365 3650 1423 3702 inui-

320 3722 361 3770 dia
379 3720 504 3771 Heinsius
623 3723 829 3786 preciosissimam
848 3722 873 3770 L
991 3725 1022 3772 13
1041 3740 1198 3786 pannuceam
1216 3723 1241 3772 L
1358 3724 1423 3773 hune

319 3791 490 3842 Burmannus
582 3795 614 3842 14
626 3795 689 3842 bene
697 3808 733 3856 p:
751 3809 815 3858 pene
828 3793 870 3842 Lt.
889 3794 1024 3857 periculum
1037 3793 1061 3843 I.
1072 3793 1105 3849 F.
1117 3794 1274 3857 Gronouius,
1287 3801 1423 3858 opportune

320 3865 400 3913 rixam
413 3862 554 3926 Iacodsius,
574 3879 653 3927 paene
671 3879 723 3912 rem
742 3865 792 3913 risu
813 3863 842 3917 Ο.
858 3863 968 3914 Iahnius
1075 3867 1187 3916 uidemus
1206 3865 1421 3931 Iunpermamnus,

320 3933 520 3985 Rinersbusius:
532 3935 659 3984 uideamus
672 3933 740 3998 libri,
753 3934 823 4000 quod
836 3937 903 3986 lueri
915 3937 1000 4000 possis
1007 3937 1159 4003 praeposito
1172 3954 1229 3987 cum
1321 3939 1352 3986 17
1362 3948 1422 4000 pene

322 4006 364 4058 Lt.
400 4008 464 4057 bene
481 4005 627 4070 Scioppius.
645 4007 759 4056 nocturni
772 4007 860 4070 potius
879 4016 1028 4072 corruptum
1158 4011 1188 4058 19
1207 4009 1282 4058 iudex
1300 4008 1423 4071 querelam

321 4077 431 4128 indexL
519 4079 641 4129 uideretur
654 4083 671 4131 t.
691 4075 806 4142 fortasse
819 4079 1002 4128 uindicarentur
1101 4080 1296 4130 controuersiam
1309 4077 1422 4128 LMen-

321 4149 393 4160 ..ι-

320 4173 438 4238 nimian,
453 4163 565 4239 ‘scripu’
587 4171 704 4225 Heirniia
728 4175 897 4225 controuersia
909 4181 944 4238 pt
1067 4177 1152 4240 quaeri
1170 4177 1236 4240 quod
1253 4177 1280 4226 in
1297 4190 1387 4241 uarpo
1405 4179 1423 4222 l:

321 4247 414 4312 quaeri,
432 4247 458 4296 in
475 4244 537 4297 libri
624 4253 679 4297 ntra
693 4260 723 4310 p,
741 4261 830 4310 marpo
849 4245 882 4308 L,
901 4245 999 4296 Daniel
1065 4281 1077 4296 u
1105 4251 1137 4298 21
1157 4248 1263 4312 suspicio
1282 4247 1307 4295 L
