3022 4956
591 425 733 480 sarthan
1171 431 1212 492 79

66 589 92 640 H
106 580 232 660 singada.
261 598 314 660 ego
338 587 436 642 umen
456 581 515 644 duo
536 581 642 643 sustuli
660 589 775 650 etecce
793 581 824 642 in
843 598 950 660 mappa
970 580 1082 658 alligata
1107 582 1215 658 haheo;

105 698 177 742 narn
194 679 219 740 si
235 678 340 758 aliquid
356 679 487 740 muneris
502 697 568 741 meo
581 679 717 741 vernulae
727 697 789 740 non
799 679 902 750 tulero,
918 677 1033 740 habebo
1046 679 1214 741 convitium.

105 779 183 840 hene
201 796 250 839 mc
269 777 408 839 admonet
427 777 546 840 domina
566 797 639 840 mea.
674 778 705 840 in
729 784 890 857 prospectu
914 777 1073 840 habuimus
1097 776 1215 840 ursinae

106 878 247 951 frustum,
263 877 299 938 de
314 895 372 955 quo
390 895 456 938 cum
471 877 642 955 imprudens
659 877 786 940 Scintilla
801 882 956 955 gustasset,
972 892 1064 955 paene
1078 875 1214 938 intestina

73 989 88 1038 5
107 994 162 1038 sua
174 975 295 1038 vomuit.
324 991 378 1052 ego
394 980 496 1035 oonua
510 975 575 1054 plus
590 975 694 1041 libram
710 975 834 1048 comedi,
849 991 918 1036 nam
932 974 1030 1054 ipsum
1045 992 1149 1053 aprum
1165 993 1214 1036 sa·
1309 985 1312 992 ·

105 1073 215 1152 piehat.
245 1081 274 1134 et
288 1073 328 1147 si,
348 1072 484 1152 inquam,
504 1091 591 1134 ursus
605 1072 841 1143 homuncionem¹
852 1079 978 1145 comest,
998 1073 1214 1152 quantomagis

105 1172 269 1233 homuncio
295 1170 380 1232 debet
405 1189 508 1232 ursum
534 1169 689 1232 comesse?
718 1171 749 1232 in
775 1189 893 1232 summo
919 1169 1075 1232 habuimus
1096 1189 1214 1233 caseum

105 1269 228 1330 mollem
249 1276 278 1330 et
292 1286 394 1347 sapam
410 1275 438 1330 et
453 1269 586 1332 cochleas
602 1269 729 1349 singulas
745 1275 773 1328 et
787 1268 893 1328 cordae
906 1267 1001 1330 frusta
1013 1276 1043 1330 et
1057 1269 1170 1349 hepatia
1183 1270 1214 1330 in

105 1367 212 1430 catillis
232 1375 261 1429 et
278 1385 332 1428 ora
354 1366 467 1446 pilleata
486 1375 515 1427 et
534 1385 635 1446 rapam
656 1374 685 1428 et
704 1383 812 1446 senape
831 1373 859 1428 et
875 1365 1000 1428 catillum
1016 1375 1213 1441 concacatum,

59 1474 88 1524 10
107 1485 166 1546 pax
184 1465 362 1544 palamedes.
391 1464 478 1528 etiam
498 1465 529 1526 in
549 1464 627 1525 alum
648 1464 815 1526 circumlata
836 1472 905 1525 sunt
924 1465 1111 1544 oxycomina,
1137 1466 1215 1538 unde

105 1562 227 1644 quidam
242 1563 328 1624 etiam
344 1563 518 1643 improbiter
531 1580 588 1624 nos
603 1579 704 1642 pugno
718 1562 910 1624 sustulerunt.
939 1580 1006 1623 nam
1021 1573 1130 1643 pernae
1141 1565 1215 1630 mis·
1300 1600 1366 1674 s

104 1663 223 1724 sionem
238 1662 381 1724 dedimus.
411 1663 461 1724 sad
477 1679 562 1723 narra
577 1660 663 1734 mihi,
684 1659 750 1734 Gai,
771 1679 858 1739 rogo,
874 1661 1033 1722 Fortunata
1049 1678 1138 1740 quare
1153 1678 1215 1721 uon
1230 1664 1270 1724 67
1303 1666 1358 1754 ψ

104 1751 287 1822 recumbitl’
312 1752 479 1838 ‘quomodo
499 1749 591 1820 nosti'
607 1759 701 1838 inquit
711 1749 817 1820 ‘illam'
834 1757 1009 1820 Trimalchio
1020 1750 1094 1819 ‘nisi
1108 1775 1213 1837 argen-

104 1865 171 1919 tum
188 1857 403 1937 composuerit,
424 1856 482 1919 nisi
497 1857 631 1938 reliquias
646 1857 745 1937 pueris
760 1857 896 1931 diviserit,
912 1875 1016 1935 aquam
1031 1856 1062 1917 in
1077 1876 1111 1917 os
1127 1876 1214 1918 suum

60 1967 88 2017 15
106 1972 170 2016 non
191 1945 332 2016 coniciet'
357 1946 464 2034 ‘atqui'
484 1957 638 2036 respondit
652 1955 801 2018 Habinnas
818 1946 891 2017 ‘nisi
910 1955 956 2016 illa
971 1954 1142 2030 discumbit,
1159 1973 1213 2034 ego

103 2071 155 2114 me
169 2043 309 2132 apoculo‘
324 2060 353 2114 et
371 2062 508 2133 coeperat
525 2072 659 2134 surgere,
682 2053 738 2114 nisi
754 2053 838 2132 signo
854 2054 922 2115 dato
938 2054 1099 2115 Fortunata
1114 2061 1215 2134 quater

104 2151 234 2230 amphus
260 2157 359 2212 atota
376 2150 485 2212 familia
507 2159 585 2213 esset
603 2159 714 2232 vocata.
743 2153 821 2214 venit
839 2171 910 2231 ergo
930 2152 1046 2232 galbino
1067 2152 1214 2214 succincta

105 2247 239 2327 cingilla,
259 2247 298 2309 ita
317 2255 351 2311 ut
364 2249 440 2310 inira
456 2249 585 2310 cerasina
600 2257 754 2329 appareret
767 2251 865 2312 tunica
879 2259 908 2312 et
922 2250 1107 2330 periscelides
1121 2259 1215 2313 tortae

104 2346 336 2426 phaecasiaeque
349 2345 518 2424 inauratae„
533 2353 605 2409 tunc
615 2349 733 2410 sudario
745 2368 851 2412 manus
862 2357 989 2428 tergens,
1006 2350 1086 2427 quod
1097 2349 1127 2410 in
1140 2350 1214 2412 collo

58 2457 89 2508 20
106 2442 242 2517 habebat,
256 2443 381 2523 apphcat
396 2464 428 2506 se
443 2445 481 2506 illi
495 2453 574 2522 toro,
589 2447 619 2508 in
634 2467 692 2527 quo
709 2447 836 2508 Scintilla
851 2446 1000 2510 Habinnae
1014 2447 1216 2510 discumbebat

104 2561 192 2616 uxor,
210 2543 395 2622 osculataque
409 2544 594 2622 plaudentem
606 2537 663 2607 ‘est
676 2536 713 2606 ta'
727 2545 821 2626 inquit
832 2535 974 2605 ‘videre‘l>

194 2735 230 2777 eo
251 2715 355 2778 deinde
376 2726 547 2796 perventum
564 2727 622 2793 est,
643 2725 675 2780 ut
689 2720 848 2780 Fortunata
863 2717 989 2779 armillas
1006 2736 1074 2780 suas
1090 2719 1214 2781 crassis-

106 2815 192 2876 simis
219 2814 382 2876 detraheret
406 2816 519 2878 lacertis
540 2815 742 2895 Scintillaeque
767 2817 886 2878 miranti
906 2816 1083 2878 ostenderet.
1111 2817 1214 2878 ultinm

107 2912 195 2974 etiam
217 2911 403 2991 periscelides
422 2915 542 2976 resolvit
556 2922 585 2975 et
598 2915 752 2978 reticulum
767 2933 902 2989 aureum,
922 2934 1009 2996 quem
1026 2922 1076 3000 erp
1090 2915 1216 2986 ¹'obrussa

60 3020 89 3069 25
107 3031 173 3073 esse
188 3009 313 3072 dicebat.
342 3013 455 3082 notavit
468 3013 541 3075 baec
551 3012 726 3075 Trimalchio
742 3013 884 3093 iussitque
899 3013 995 3074 afferri
1007 3015 1106 3076 omnia
1121 3023 1150 3076 et
1160 3007 1216 3077 ‘ri-

179 3171 194 3217 2
215 3170 356 3218 conuicium
373 3167 408 3218 H
521 3172 538 3218 4
557 3169 675 3218 frustrum
693 3168 728 3220 H
837 3171 927 3220 sintilla
946 3170 980 3220 H
1093 3180 1216 3235 gustasset

53 3247 61 3254 '
108 3255 174 3290 corr.
196 3254 229 3289 ea·
248 3245 358 3304 gustaret
375 3239 410 3289 H
439 3233 448 3244 ‘
517 3243 627 3291 euomuit
643 3241 735 3292 maluit
751 3240 876 3291 Heinsius
995 3245 1129 3306 (linquam
1149 3260 1215 3296 corr.

108 3326 139 3360 ea
158 3326 270 3374 unquam
288 3309 381 3360 lineola
392 3328 447 3361 una
459 3311 568 3363 minoto
579 3311 614 3361 H
697 3315 712 3360 8
731 3328 819 3378 sapam
835 3313 1021 3364 Hlehmnenus:
1039 3329 1100 3378 sapa
1116 3313 1150 3363 H

107 3384 205 3432 cocleas
223 3381 258 3431 H
360 3382 445 3432 sardae
463 3382 596 3446 Heinsius,
616 3383 696 3432 cordis
714 3381 860 3449 Sobefferua
979 3385 1062 3448 epatis
1080 3383 1114 3433 H

108 3455 123 3501 9
141 3460 308 3503 consecutum
319 3452 490 3504 Burmannus
508 3454 553 3519 qui
570 3454 625 3504 nne
643 3452 722 3504 dubio
739 3463 805 3504 reete
824 3463 848 3504 et
865 3454 932 3504 bano
951 3453 1086 3504 dictionem
1103 3453 1215 3518 explica-

106 3523 145 3572 uit
161 3531 187 3573 et
203 3523 309 3574 uenum
322 3525 456 3589 procuratis
473 3541 523 3590 pax
539 3525 681 3590 palamedes
691 3524 779 3590 fuisse
791 3525 892 3575 statuit:
911 3532 1076 3588 concagatum
1088 3524 1124 3574 H.
1156 3541 1215 3574 eon·

107 3596 211 3656 chielae,
230 3602 284 3644 tum
301 3597 364 3659 pax!
383 3598 518 3660 pelamides
531 3596 656 3647 Heinsius
765 3598 797 3645 10
817 3598 965 3662 oxycomina
984 3595 1039 3646 siue
1058 3597 1215 3665 oxyoominia

107 3663 248 3716 Heinsius:
266 3667 407 3716 oxioomina
418 3667 453 3717 H
556 3671 587 3717 11
599 3667 714 3731 fortasse
727 3675 871 3731 praeeunte
889 3666 947 3720 Iao.
963 3665 1092 3718 Gwnouio
1109 3669 1216 3732 improbi

107 3743 192 3787 ternos
209 3752 307 3801 pugnos
425 3755 504 3803 perna
523 3740 680 3788 emissionem
700 3737 731 3790 H
854 3741 886 3788 13
905 3740 1047 3802 quomodo?
1066 3741 1131 3788 nosti
1149 3738 1216 3788 male

109 3805 282 3874 distinguebat
298 3806 423 3858 Heinsius
533 3811 563 3858 15
584 3809 696 3859 coniiciet
713 3809 747 3859 H
860 3813 891 3859 16
911 3812 1015 3874 apocalo
1034 3809 1068 3860 H
1081 3810 1113 3875 ef.
1128 3827 1159 3876 p.
1173 3813 1214 3874 73,

109 3881 138 3926 s:
156 3881 190 3928 ab
208 3881 259 3929 hoe
278 3881 333 3944 eplo
351 3877 394 3930 nel
411 3883 484 3945 epulo
502 3879 627 3932 Heiruius
754 3883 785 3929 18
804 3882 947 3944 periscehde
966 3888 1057 3931 stortae
1075 3882 1110 3933 H

111 3951 140 3998 19
161 3957 274 4000 maumte
296 3949 340 4005 nel
355 3951 468 4002 incurate
486 3951 522 4004 H.
558 3958 678 4002 neatmm
692 3966 774 4016 penus
791 3949 936 4017 Selnffenis
950 3951 1075 4016 probauit

110 4022 249 4071 nosnullo
261 4019 295 4070 H
308 4039 325 4070 a
338 4021 474 4074 Burrieno
492 4022 607 4074 canaan
700 4024 732 4072 21
753 4030 822 4073 estne
840 4023 966 4074 Heinsius
1055 4027 1089 4073 22
1108 4031 1215 4076 anteco

102 4089 219 4155 saraim
229 4091 311 4143 multa
322 4093 449 4157 perierint
537 4093 702 4144 crassissimas
714 4092 827 4144 Iahnius
918 4098 951 4144 23
965 4095 1151 4146 ostenderatH

111 4165 144 4211 24
162 4161 247 4230 etiam]
267 4163 377 4214 edebaort
394 4174 419 4214 et
532 4181 596 4229 quse
614 4162 738 4215 Heinsius
855 4182 887 4216 ex
905 4166 1023 4218 sobriissa
1040 4165 1076 4216 H.
1113 4169 1215 4216 obrusso

110 4233 154 4285 uel
169 4237 259 4301 obryzo
277 4233 423 4300 Sebefferua
440 4235 615 4301 Heinsinsque
