3022 4956
326 477 386 556 1151
795 467 952 522 arraona

325 627 429 692 cinctio
452 627 539 690 stanti
560 625 595 689 ad
616 625 755 706 parietem
771 625 903 706 spondae
918 642 966 685 me
981 623 1133 685 iunxeram
1148 621 1330 701 cervicesque
1342 619 1439 681 nodot

325 728 502 802 condebam,
519 745 585 789 cum
601 725 735 789 reseratis
750 723 864 786 foribus
880 723 969 786 intrat
983 723 1145 802 Eumolpus
1162 741 1230 784 cum
1246 719 1347 780 Gitone
1359 737 1412 779 me-

325 847 382 910 que
397 847 414 889 a
427 827 506 889 fatali
521 826 578 886 iam
595 832 672 886 meta
688 830 805 886 revocat
818 821 854 883 ad
870 822 973 882 lucem.
1005 822 1093 883 Giton
1107 821 1265 901 praecipue
1280 839 1314 880 ex
1328 817 1413 880 dolore

324 927 354 988 in
375 927 484 990 rabiem
507 925 643 986 efferatus
663 922 739 984 tollit
758 921 930 994 clamorem,
949 939 998 981 me
1020 927 1140 1006 utraque
1162 937 1250 980 manu
1272 916 1413 997 impulsum

325 1026 494 1107 praecipitat
508 1041 598 1103 super
612 1022 728 1093 lectum,
740 1011 840 1083 ‘erras'
857 1019 951 1099 inquit
962 1008 1106 1096 ‘Encolpi
1121 1016 1146 1079 si
1161 1025 1248 1098 putas
1265 1017 1437 1094 contingeres

324 1143 426 1204 posse,
442 1131 475 1186 ut
491 1131 557 1184 ante
571 1141 616 1182 me
631 1119 776 1182 moriaris.
798 1118 880 1200 prior
893 1116 992 1195 coepi3
1007 1115 1037 1175 in
1046 1115 1153 1195 Ascylti
1164 1116 1294 1196 hospitio
1306 1115 1413 1195 gladium

325 1223 463 1304 quaesivi.
494 1241 547 1301 ego
569 1222 593 1283 si
614 1228 644 1281 te
665 1237 727 1281 non
742 1218 933 1292 invenissem,
953 1215 1101 1295 periturus
1121 1234 1176 1295 per
1195 1213 1358 1296 praecipitia
1373 1211 1414 1272 lui.

324 1329 353 1384 et
374 1329 406 1383 nt
425 1322 499 1383 scias
520 1337 580 1380 non
601 1319 687 1398 longe
706 1337 772 1380 esse
792 1316 998 1397 quaerentibus
1019 1320 1159 1389 mortem,
1179 1321 1281 1394 specta
1299 1313 1413 1382 invicem,

325 1420 404 1500 quod
426 1437 473 1479 me
494 1427 626 1497 spectare
648 1408 781 1480 voluisti?
812 1416 883 1477 haec
897 1415 1013 1476 locutus
1028 1413 1211 1474 mercenario
1227 1411 1358 1490 Eumolpi
1369 1427 1414 1469 no·

324 1519 452 1580 vocnlam
473 1515 549 1594 rapit
568 1524 597 1578 et
617 1517 707 1577 semel
721 1516 886 1594 iterumque
901 1511 1011 1574 cervice
1026 1530 1167 1591 percussa
1182 1519 1252 1573 ante
1267 1512 1350 1591 pedes
1364 1507 1413 1570 col·
1427 1513 1448 1563 tt

325 1615 429 1677 labitur
444 1622 574 1676 nostros.
604 1615 734 1676 exclamo
750 1633 804 1694 ego
820 1611 971 1686 attonitus,
987 1620 1164 1690 secutusque
1174 1612 1318 1672 labentem
1329 1608 1414 1669 eodem

325 1716 502 1777 ferramento
520 1714 553 1775 ad
572 1721 698 1775 mortem
714 1713 789 1774 viam
807 1731 924 1792 quaero.
956 1711 1006 1772 sed
1022 1729 1118 1790 neque
1134 1711 1225 1771 Giton
1240 1710 1296 1772 ulla
1311 1713 1413 1769 eratsu-

325 1813 454 1894 spitione
470 1813 598 1876 vulneris
614 1815 724 1886 laesus,
741 1828 837 1888 neque
853 1828 907 1888 ego
923 1809 1013 1871 ullum
1030 1810 1192 1872 sentiebam
1210 1810 1348 1871 dolorem.
1374 1821 1413 1864 ru-

326 1913 371 1974 dis
386 1913 465 1974 enirn
480 1911 619 1974 novacula
635 1919 663 1972 et
678 1911 707 1972 in
722 1910 781 1970 lroc
795 1915 904 1980 retusa,
920 1916 953 1970 ut
967 1909 1066 1989 pueris
1084 1910 1267 1971 discentibus
1284 1901 1413 1968 audaciam

325 2011 457 2073 tonsoris
474 2011 564 2084 daret,
580 2011 757 2072 instruxerat
770 2009 896 2068 thecam.
922 2007 1046 2088 ideoque
1061 2025 1115 2068 nec
1126 2007 1324 2070 mercenarius
1336 2004 1366 2065 ad
1376 2021 1410 2062 ra·
1428 2006 1448 2056 11

326 2117 409 2190 ptum
424 2109 636 2170 ferramentum
652 2115 818 2189 expaverat,
838 2124 893 2167 nec
908 2106 1070 2186 Eumolpus
1087 2106 1319 2186 interpellaverat
1332 2100 1413 2165 mimi-

327 2227 390 2270 cam
405 2215 541 2268 mortem.
1066 2263 1069 2270 s

270 2302 310 2363 95
384 2302 396 2389 ll
412 2307 481 2366 dom
500 2306 572 2367 haec
592 2305 687 2366 fabula
707 2304 783 2365 inter
801 2312 932 2366 amantes
947 2303 1069 2376 luditur,
1091 2303 1254 2366 deversitor
1269 2321 1332 2366 oum
1346 2305 1412 2381 parte
1424 2301 1453 2353 m

327 2405 445 2468 cenulae
465 2403 634 2476 intervenit,
656 2403 929 2484 contemplatusque
947 2402 1151 2464 foedissimam
1166 2403 1368 2464 volutationem
1381 2397 1414 2457 ia-

326 2504 452 2566 centium
463 2493 558 2583 ‘rogo'
573 2502 668 2583 inquit
678 2493 761 2564 ‘ebrii
777 2503 858 2576 estis,
874 2521 910 2564 ao
922 2501 1041 2581 fugitivi,
1057 2519 1095 2562 an
1106 2499 1289 2583 utromque?
1304 2499 1362 2581 quis
1372 2513 1413 2558 au·
1426 2499 1448 2548 at

327 2679 627 2688 m...—

400 2768 412 2813 1
433 2767 507 2814 stanti
525 2780 562 2828 p,-
587 2766 673 2814 stant-is
691 2763 734 2815 Lt.
771 2763 953 2814 aeoricinctiam
978 2771 1062 2814 aretem
1085 2762 1180 2812 comeda
1202 2771 1252 2827 eat,
1276 2779 1327 2812 mon
1343 2756 1414 2810 instita

326 2837 431 2886 vestime
454 2835 586 2900 spondam
612 2843 731 2885 cresceret
748 2835 785 2884 ad
798 2835 927 2901 parietem
944 2835 1072 2899 spondam
1089 2834 1200 2898 indeque
1219 2851 1246 2884 se
1265 2829 1414 2898 suspendere!

326 2907 467 2957 ceruicibus
491 2907 644 2956 semicinctio
667 2907 773 2972 illipate‘a
915 2909 1025 2971 spondae
1051 2922 1090 2956 me
1115 2923 1204 2972 marqo
1224 2908 1264 2956 L.·
1288 2905 1387 2970 spondse
1401 2904 1414 2958 t,

327 2980 449 3042 spondam
466 2977 508 3040 Lp
623 2979 752 3028 ninxeram
770 2979 803 3032 L.
841 2979 1021 3028 semicinctium
1039 2980 1114 3027 stanti
1133 2979 1163 3026 ad
1182 2981 1305 3043 parietem
1322 2973 1414 3038 spondet

325 3050 455 3098 innxerom
468 3047 619 3111 Ferrariam,
640 3051 792 3099 semicinctio
810 3051 919 3100 institam
938 3066 967 3099 oc
985 3050 1073 3113 parieti
1091 3050 1214 3113 spondam
1232 3052 1359 3100 iunxernm
1371 3041 1414 3092 lac.

328 3119 481 3182 (droctoaldus,
496 3121 647 3170 semicinctio
661 3129 767 3170 stantem
779 3123 811 3170 ud
823 3123 942 3185 parietem
956 3123 1079 3186 spondam
1092 3122 1222 3170 uinxerom
1237 3117 1370 3171 &aratra

327 3195 341 3240 2
361 3193 476 3240 indcbom
493 3191 664 3240 Burmannus
754 3192 861 3243 Guitone
880 3192 905 3242 L
996 3195 1010 3242 3
1031 3193 1099 3242 fatali
1116 3194 1214 3242 tramite
1232 3191 1343 3242 Ialarra'aa

325 3265 452 3314 reuocauit
462 3270 493 3328 pt
582 3262 709 3312 GuitonL
799 3264 871 3313 4616
878 3272 925 3329 pt:
944 3266 1086 3313 clamorem.
1100 3271 1124 3312 et
1134 3263 1162 3312 a'aa
1175 3280 1243 3314 ooao
1255 3279 1334 3315 erema
1345 3272 1379 3308 me
1390 3251 1415 3303 L·

325 3352 414 3406 meque
427 3334 552 3399 Nodotaa,
572 3350 611 3384 me
630 3334 658 3384 ira
671 3344 695 3384 et
707 3334 823 3385 mutabat
835 3335 985 3396 Iacobaa'as,¹
999 3333 1204 3400 praeferendam
1217 3337 1349 3386 clamorem
1360 3331 1416 3378 dum·

325 3442 372 3490 qno
392 3443 431 3476 me
523 3429 597 3475 time
611 3422 890 3474 addidieamNodoto
979 3415 1109 3510 morflaris
1126 3423 1152 3473 L
1244 3421 1363 3474 lmelim
1379 3428 1416 3478 ego

326 3523 385 3565 ante
402 3517 469 3580 prior
487 3515 516 3564 ira
533 3531 560 3569 a.
574 3517 588 3564 6
609 3513 782 3577 collocaretur,
802 3513 843 3563 bic
861 3520 944 3562 eatam
958 3519 982 3561 et
994 3512 1120 3577 leperetrer
1208 3515 1328 3578 petiturus
1340 3508 1363 3558 L
1374 3521 1416 3555 cet·

325 3595 420 3636 rectam
430 3585 546 3651 fortasse
564 3603 595 3636 ecc
607 3587 729 3651 periturus
744 3593 795 3649 etp
884 3601 929 3648 per
942 3600 989 3636 om.
1002 3583 1027 3633 L
1039 3583 1108 3635 made
1121 3586 1264 3649 praecipicio
1274 3575 1342 3634 ‘alii’
1357 3571 1417 3642 apud

325 3657 489 3706 Pata'eaormm
597 3659 611 3706 9
631 3658 747 3722 Eumolpi
765 3656 790 3705 L
901 3657 932 3704 10
953 3663 1026 3716 atquc
1046 3658 1135 3706 iterum
1154 3655 1326 3706 Memmiadae

328 3729 359 3774 12
379 3743 542 3778 saoramcnno
561 3728 733 3778 Memmiadae
856 3728 949 3778 Guiton
969 3726 993 3776 L
1115 3729 1147 3776 13
1167 3729 1274 3777 uulneris
1293 3723 1416 3788 suspicione

326 3797 498 3860 transponitt
636 3802 666 3847 15
686 3807 772 3848 tonsor
789 3801 810 3848 is
830 3805 840 3848 t
963 3799 1075 3848 'thecam
1093 3798 1125 3848 L.
1162 3807 1219 3848 erat
1236 3799 1282 3863 qai
1300 3797 1416 3846 enthecam

325 3867 502 3932 suspicaretur
628 3873 658 3920 16
678 3871 815 3935 Enmolpus
832 3869 857 3920 L
983 3872 1108 3920 mimicam
1122 3885 1159 3933 p:
1177 3871 1303 3922 inimicam
1321 3866 1354 3918 Lt
1369 3874 1415 3912 tum

325 3947 409 3988 scetere
423 3938 522 3990 Pitlaoee'
613 3945 643 3991 11
665 3950 770 3992 mortem
789 3943 914 3992 inimicam
934 3941 1101 4008 aaaapoaltt
1192 3941 1223 3990 18
1244 3941 1357 3990 famulas

324 4011 386 4058 ludit
404 4009 593 4061 AUDEFGPe
612 4020 685 4063 aetam
705 4013 805 4064 Pitboee‘
926 4015 1062 4064 deuersitor
1079 4012 1283 4062 6161166Ρὶ116οεὶ.-
1302 4006 1416 4060 diuersitor

325 4080 375 4130 mei
393 4098 484 4146 ommes,
505 4083 641 4132 diuersotor
652 4084 684 4147 P,
705 4086 814 4135 diribitor
832 4085 878 4136 aed
897 4084 1007 4136 deletam
1025 4075 1197 4156 61ξενοδὸχος
1215 4081 1339 4150 marqoL

325 4151 404 4218 parte]
424 4155 500 4203 altera
520 4152 581 4204 add.
600 4153 718 4204 Nodotaa
828 4161 859 4207 19
880 4174 926 4221 que
947 4175 993 4210 om.
1013 4157 1041 4206 D
1148 4153 1332 4205 fidissimamA

324 4226 503 4275 uolutationem
520 4227 654 4274 iacentium
666 4226 804 4278 AEFLst:
822 4231 956 4279 iacentium
970 4229 1148 4278 salutationem
1163 4226 1286 4292 ODaPp.
1315 4223 1415 4284 uolupta-

324 4299 418 4348 tionom
435 4296 492 4364 FP,
516 4299 669 4347 uoluntatem
688 4297 713 4348 G
820 4301 854 4362 11)
872 4301 958 4364 inquid
977 4300 1003 4350 P
1107 4301 1164 4363 quid
1183 4299 1212 4350 Ε
