3022 4956
271 403 312 464 54
744 393 901 448 rsrsouu

270 554 353 616 taeda
372 573 407 614 ex
426 559 518 614 arato.
549 569 637 631 spero
658 557 770 624 umen,
792 551 847 611 iam
864 557 989 612 veterem
1006 549 1149 628 pudorem
1166 551 1221 612 sibi
1236 552 1380 632 imponet
1397 561 1417 610 11

269 651 398 730 moquin
413 650 488 711 cirea
504 650 690 711 stomachum
706 648 778 708 mihi
793 659 887 721 sonat,
902 655 990 726 putes
1004 655 1130 710 taurum.
1161 650 1258 729 itaque
1274 650 1380 730 siquis

271 757 401 812 vestmm
417 749 540 810 voluerit
553 767 607 810 sua
621 765 653 806 re
671 748 774 823 [eausa]
788 747 891 816 lacere,
908 763 970 807 non
982 749 1118 825 estquod
1130 749 1211 810 illum
1223 750 1379 829 pudeatur.

270 867 358 909 nemo
373 855 509 908 nostmm
525 846 618 908 solide
634 853 720 906 natus
736 853 790 906 est.
813 865 867 923 ego
882 846 994 907 nullum
1010 855 1152 927 putatam
1165 866 1305 926 magnum
1318 856 1384 909 tor-

270 955 402 1008 mentum
422 965 487 1008 esse
513 965 600 1025 quam
622 944 781 1006 continere.
811 944 870 1005 hoc
890 944 985 1006 solum
1001 953 1096 1005 vetare
1111 963 1166 1006 nec
1180 945 1257 1005 lovis
1273 953 1412 1024 potest.5

269 1045 357 1120 rides,
374 1047 541 1117 Fortunata,
556 1062 629 1122 quae
645 1042 723 1104 soles
735 1062 783 1103 me
794 1051 880 1103 nocte
893 1042 1065 1103 desomnem
1075 1041 1191 1104 facere?
1214 1062 1271 1105 nec
1281 1052 1383 1106 tamen

270 1144 301 1204 in
317 1143 443 1205 triclinio
460 1144 549 1204 ullum
566 1141 643 1204 vetui
657 1142 752 1203 farere
767 1141 847 1219 quod
863 1161 894 1202 se
909 1142 995 1213 iuvet,
1008 1147 1038 1200 et
1052 1139 1156 1200 medici
1172 1151 1271 1205 vetant
1286 1143 1384 1204 conti

271 1261 350 1304 nere.
381 1242 425 1302 vel
445 1242 470 1301 si
486 1240 555 1320 quid
571 1241 636 1320 plus
652 1241 744 1313 venit,
767 1239 865 1299 omnia
879 1240 959 1301 toras
974 1247 1072 1319 parata
1089 1246 1171 1300 sunt:
1191 1260 1275 1320 aqua,
1292 1241 1385 1303 lasani

272 1349 301 1403 et
316 1349 410 1402 retera
426 1338 584 1398 minutalia.
616 1337 723 1398 credite
739 1337 820 1408 mihi,
837 1337 1045 1416 anathymiasis
1061 1336 1091 1396 in
1107 1337 1260 1398 cerebrum
1276 1337 1298 1397 it
1313 1340 1384 1399 etin

270 1448 334 1501 toto
356 1455 480 1516 corpore
500 1436 622 1496 fluctum
641 1433 718 1496 facit.
747 1434 857 1494 multos
877 1435 939 1496 seio
960 1436 1003 1496 sic
1021 1435 1159 1513 periisse,
1184 1437 1256 1497 dum
1276 1437 1385 1498 nolunt
1402 1444 1427 1493 11

272 1535 328 1598 sibi
348 1553 449 1596 verum
470 1525 582 1596 dicere.³
613 1535 719 1612 gratias
737 1532 850 1610 agimus
865 1533 1027 1596 liberahtati
1041 1533 1294 1614 indulgentiaeque
1309 1535 1385 1609 eius,

271 1640 302 1695 et
315 1631 438 1693 subinde
454 1633 629 1713 castigamus
645 1631 755 1693 crebris
771 1630 949 1710 potiunculis
965 1633 1067 1694 risum.
1097 1651 1152 1694 nec
1163 1633 1258 1695 adhuc
1269 1633 1385 1694 scieba-

271 1750 339 1792 mus
354 1748 410 1791 nos
426 1730 457 1792 in
468 1731 565 1793 medio
578 1731 766 1801 lautitiarum,
783 1728 862 1807 quod
874 1729 964 1802 aiunt,
979 1730 1051 1790 clivo
1063 1730 1205 1793 laborare.
1232 1749 1300 1792 nam
1315 1750 1385 1793 cum

272 1829 419 1892 mundatis
439 1830 474 1891 ari
495 1829 700 1911 symphoniam
722 1829 833 1888 mensis
853 1836 913 1888 tres
934 1828 992 1890 albi
1011 1847 1079 1889 sues
1099 1830 1130 1889 in
1149 1827 1306 1890 triclinium
1331 1830 1386 1890 ad-

272 1929 351 1990 ducti
366 1936 435 1988 sunt
450 1926 583 2006 capistris
598 1935 627 1986 et
638 1926 840 1988 tintinnabulis
855 1926 934 1998 culti,
950 1945 1076 2005 quorum
1092 1946 1184 1990 unum
1198 1928 1311 1989 bimum
1325 1948 1384 1989 no·
1403 1939 1428 1987 15
1509 2007 1510 2024 ,

272 2026 453 2088 mensulator
468 2043 535 2086 esse
549 2023 675 2097 dicebat,
690 2026 812 2086 alterum
828 2025 964 2098 tumrun,
980 2025 1098 2086 tertium
1114 2045 1185 2087 vero
1201 2027 1258 2088 iam
1275 2047 1386 2089 sexen-

271 2142 354 2198 nem,
369 2143 424 2202 ego
440 2122 578 2204 putabam
593 2123 814 2202 petauristarios
829 2123 956 2184 intrasse
970 2129 1000 2182 et
1014 2142 1133 2202 porcos,
1148 2125 1226 2188 sicut
1240 2125 1271 2187 iu
1285 2128 1384 2188 circu-

271 2222 307 2284 lis
327 2241 394 2282 mos
415 2230 474 2295 est,
496 2227 631 2300 portenta
651 2220 744 2300 aliqua
759 2215 902 2296 facturos,
926 2222 976 2284 sed
992 2222 1166 2284 Trimalchio
1182 2224 1387 2304 expectatione

272 2319 405 2382 discussa
416 2311 534 2400 ‘quem’
550 2319 644 2399 inquit
656 2308 706 2379 ‘er
722 2317 764 2379 eis
780 2319 865 2381 vultis
881 2321 911 2381 in
927 2338 1031 2382 cenam
1047 2323 1144 2384 statim
1161 2321 1247 2384 fieri?
1276 2323 1387 2402 gallum

512 2497 569 2506 -.ιι-

271 2579 432 2628 maleicorum
451 2575 487 2630 H.
523 2579 619 2639 melus,
638 2577 781 2627 cichoreum
806 2585 830 2625 et
854 2579 911 2626 beta
934 2593 966 2625 ex
991 2585 1062 2626 aceto
1086 2585 1133 2627 aut
1156 2580 1328 2628 malacterium
1354 2596 1387 2629 ex

272 2651 328 2700 beta
346 2657 371 2698 et
388 2657 460 2698 aceto
484 2649 616 2702 Trillerus.
653 2651 711 2698 beta
729 2663 761 2697 ex
779 2657 851 2698 aceto
871 2647 996 2698 Heinsius
1015 2649 1158 2698 coniecerat

346 2747 358 2792 1
379 2751 489 2792 ueterem
513 2742 652 2793 Heinsius:
680 2750 793 2791 uentrem
817 2742 853 2794 H.
898 2742 1014 2806 alioquin
1037 2752 1123 2796 uenter
1149 2745 1244 2810 corripi
1268 2744 1386 2800 debehat.

271 2817 383 2862 neonem
401 2815 493 2876 pudere
512 2817 538 2861 ni
556 2815 601 2862 sibi
619 2814 725 2878 imponit
741 2811 902 2878 Sebefferus,
921 2823 1035 2862 uentrem
1052 2816 1171 2878 pudorem
1190 2817 1235 2865 sibi
1253 2819 1386 2880 imponere

272 2882 402 2932 Antonius
496 2885 608 2946 imponet
620 2884 726 2947 scripsi:
744 2884 897 2948 imponitH
981 2887 1101 2934 ecimus
1114 2887 1300 2936 stomacumH

271 2961 342 3018 putes
360 2961 459 3002 marum
477 2954 514 3003 aie
532 2954 566 3003 H
578 2953 648 3003 unde
666 2953 839 3017 deprauamm
857 2954 961 3019 aliquid
979 2971 1031 3006 esse
1050 2957 1220 3022 capnoscitur:
1238 2967 1309 3023 putes
1330 2976 1386 3011 esse

272 3067 371 3108 taurum
389 3054 542 3123 Sebefferus,
561 3065 632 3122 putes
651 3068 749 3109 taurum
768 3063 863 3125 mugire
887 3060 1068 3116 iilebornenus.
1105 3079 1196 3113 uerum
1213 3083 1266 3114 non
1284 3073 1387 3116 murum

266 3130 357 3196 potius
376 3145 454 3193 quam
471 3131 590 3179 tonitrum
608 3139 722 3195 expectes
830 3135 844 3179 3
865 3148 910 3182 sus
928 3149 954 3182 re
974 3150 1049 3183 causa
1068 3135 1099 3184 H
1115 3135 1156 3185 bie
1174 3137 1244 3186 etin
1262 3153 1320 3202 cop.
1341 3144 1386 3192 66.

272 3217 348 3252 causa
366 3199 621 3266 interpretamentum
638 3200 767 3265 Sebeffero
787 3202 938 3266 uidebatur,
957 3221 1015 3254 suae
1034 3209 1069 3255 rei
1088 3224 1162 3256 causa
1180 3207 1319 3272 Heinsius,
1340 3227 1386 3260 sua

271 3290 325 3325 rem
343 3288 419 3324 censs
439 3271 558 3323 Orellius.
596 3289 641 3322 sua
660 3289 685 3322 rs
706 3275 795 3335 facere,
815 3290 902 3324 caussa
920 3291 971 3324 non
991 3285 1028 3325 est
1047 3277 1181 3328 Iecobsius
1299 3283 1313 3329 5
1334 3284 1386 3331 hoc

271 3350 352 3397 solum
369 3344 465 3396 mirum
483 3353 520 3396 est
538 3344 608 3411 quod
625 3362 678 3396 non
697 3344 734 3394 ad
752 3346 878 3396 conanae
896 3346 942 3396 sed
960 3346 997 3396 aul
1015 3365 1060 3397 sua
1078 3366 1105 3398 re
1125 3351 1206 3399 facere
1218 3351 1331 3415 respicit.
1362 3353 1387 3402 ss'

270 3420 396 3468 continere
416 3417 445 3468 in
464 3418 550 3468 animo
569 3416 710 3480 habuisset,
735 3433 788 3466 non
806 3425 889 3468 uetare
908 3417 954 3468 sesi
972 3421 1076 3470 tolerare
1095 3429 1142 3470 aut
1158 3423 1278 3487 imperare
1299 3423 1386 3474 dicere

270 3489 384 3544 debebat.
420 3493 499 3540 uitare
511 3489 619 3556 fnestra
638 3489 738 3555 estqui
756 3488 866 3538 coniciet
1005 3507 1051 3540 nee
1070 3492 1209 3542 Heinsius:
1228 3509 1259 3544 ne
1278 3494 1315 3548 H.
1353 3512 1384 3546 ne

270 3561 337 3610 Iouis
356 3563 455 3624 quidem
479 3561 651 3613 Tilebomenus
779 3566 791 3610 7
813 3561 905 3625 opinor
928 3568 1004 3610 actuo
1023 3562 1059 3612 sic
1077 3572 1107 3612 ut
1124 3581 1180 3628 cap.
1200 3567 1234 3615 53
1249 3567 1385 3629 praesenti

272 3636 382 3693 tempore
502 3635 517 3680 8
535 3635 614 3683 lasani
628 3633 764 3699 pluratiue
783 3632 876 3696 scripsi
894 3632 927 3696 cf.
946 3633 1025 3682 uinus
1036 3633 1114 3698 satus
1132 3635 1238 3686 balneus
1256 3636 1327 3686 lorias
1338 3637 1383 3702 fe·

271 3698 383 3748 rindnsr
395 3702 490 3751 lassant
503 3701 539 3755 H.
557 3707 670 3754 lasanum
683 3704 828 3769 Sebeffenes
928 3706 1135 3771 9snathymiasis
1148 3706 1213 3760 LIt'.
1225 3707 1383 3772 Gronouius,

275 3768 461 3821 Pilehomenus:
480 3775 617 3824 anathimia
634 3777 655 3824 is
675 3778 695 3825 si
710 3776 746 3824 Η.
784 3777 803 3824 si
823 3773 893 3839 quod
911 3784 1051 3825 seruarent
1067 3776 1164 3827 induxi
1271 3788 1297 3830 et
1314 3781 1384 3845 quod

271 3841 409 3890 mtiserant
426 3842 508 3892 estin
527 3842 560 3891 H
664 3850 693 3896 11
715 3848 790 3896 dicier
808 3846 941 3909 Heinsius,
962 3849 1009 3896 dici
1028 3846 1173 3914 Schefferns
1286 3855 1383 3915 gracias

272 3910 307 3961 H
407 3913 483 3962 libera
501 3914 640 3965 liberalitati
658 3916 692 3966 H
796 3921 827 3967 13
847 3919 1002 3968 lauticiarum
1021 3919 1055 3967 H
1156 3923 1222 3984 quod
1242 3922 1379 3973 Heinsius:

272 3998 321 4047 quo
333 3983 368 4032 H
523 3986 580 4035 diuo
594 3987 683 4050 potius
702 4004 779 4052 quarn
798 3991 862 4038 cliuo
881 4004 1029 4054 supressum
1041 3991 1069 4040 in
1081 3990 1116 4039 H
1253 4010 1381 4044 commun·

271 4055 334 4104 datis
352 4052 477 4104 Heinsius
588 4060 619 4106 14
638 4059 805 4123 simphoniam
823 4060 857 4110 H
958 4069 1019 4112 trres
1035 4061 1070 4110 H
1180 4067 1210 4113 15
1230 4066 1381 4116 tintinabulis

270 4124 305 4177 H
399 4127 430 4174 16
450 4125 600 4178 tercian
684 4145 819 4180 sexennem
838 4131 949 4180 Weblius
957 4148 987 4196 p.
1001 4137 1050 4183 21.-
1069 4134 1200 4184 senemH
1288 4140 1318 4187 17
1338 4153 1381 4202 ps-

270 4194 475 4249 sussurrant
488 4203 546 4248 teste
565 4197 699 4248 Bursiano
