<?xml version="1.0" encoding="UTF-8"?>
<!DOCTYPE html PUBLIC "-//W3C//DTD XHTML 1.0 Transitional//EN"
    "http://www.w3.org/TR/xhtml1/DTD/xhtml1-transitional.dtd">
<html xmlns="http://www.w3.org/1999/xhtml" xml:lang="en" lang="en">
 <head>
  <title>
</title>
<meta http-equiv="Content-Type" content="text/html;charset=utf-8" />
  <meta name='ocr-system' content='tesseract 3.04.00' />
  <meta name='ocr-capabilities' content='ocr_page ocr_carea ocr_par ocr_line ocrx_word'/>
</head>
<body>
  <div class='ocr_page' id='page_1' title='image "./petroniiarbitri00buecgoog_0241.png"; bbox 0 0 3078 4956; ppageno 0'>
   <div class='ocr_carea' id='block_1_1' title="bbox 314 373 943 476">
    <p class='ocr_par' dir='ltr' id='par_1_1' title="bbox 314 373 943 476">
     <span class='ocr_line' id='line_1_1' title="bbox 314 373 943 476; baseline 0.002 -10"><span class='ocrx_word' id='word_1_1' title='bbox 314 414 374 476; x_wconf 84' lang='lat'><strong>186</strong></span> <span class='ocrx_word' id='word_1_2' title='bbox 537 466 540 470; x_wconf 81' lang='grc'><strong>,</strong></span> <span class='ocrx_word' id='word_1_3' title='bbox 783 373 943 468; x_wconf 71' lang='lat' dir='ltr'><strong>Puunontl</strong></span> 
     </span>
    </p>
   </div>
   <div class='ocr_carea' id='block_1_2' title="bbox 311 567 1488 1525">
    <p class='ocr_par' dir='ltr' id='par_1_2' title="bbox 311 567 1488 1525">
     <span class='ocr_line' id='line_1_2' title="bbox 312 567 1466 650; baseline 0.005 -22"><span class='ocrx_word' id='word_1_4' title='bbox 312 574 341 629; x_wconf 89' lang='lat' dir='ltr'><strong>ot</strong></span> <span class='ocrx_word' id='word_1_5' title='bbox 355 567 404 648; x_wconf 93' lang='lat' dir='ltr'><strong>qui</strong></span> <span class='ocrx_word' id='word_1_6' title='bbox 421 567 605 630; x_wconf 78' lang='lat' dir='ltr'><strong>offenderunt</strong></span> <span class='ocrx_word' id='word_1_7' title='bbox 619 587 708 649; x_wconf 82' lang='lat' dir='ltr'>saepe</span> <span class='ocrx_word' id='word_1_8' title='bbox 723 567 843 646; x_wconf 83' lang='lat' dir='ltr'>digitos,</span> <span class='ocrx_word' id='word_1_9' title='bbox 865 569 1002 648; x_wconf 90' lang='lat' dir='ltr'><strong>quioquid</strong></span> <span class='ocrx_word' id='word_1_10' title='bbox 1017 570 1128 632; x_wconf 88' lang='lat' dir='ltr'><strong>doloris</strong></span> <span class='ocrx_word' id='word_1_11' title='bbox 1143 569 1267 642; x_wconf 89' lang='lat' dir='ltr'><strong>habent,</strong></span> <span class='ocrx_word' id='word_1_12' title='bbox 1283 570 1315 631; x_wconf 88' lang='lat' dir='ltr'><strong>in</strong></span> <span class='ocrx_word' id='word_1_13' title='bbox 1331 571 1423 650; x_wconf 88' lang='lat' dir='ltr'><strong>pedes</strong></span> <span class='ocrx_word' id='word_1_14' title='bbox 1443 582 1466 634; x_wconf 86' lang='lat' dir='ltr'><em>L</em></span> 
     </span>
     <span class='ocr_line' id='line_1_3' title="bbox 311 665 460 729; baseline 0 -2"><span class='ocrx_word' id='word_1_15' title='bbox 311 665 460 729; x_wconf 86' lang='lat' dir='ltr'><strong>deferunt:</strong></span> 
     </span>
     <span class='ocr_line' id='line_1_4' title="bbox 427 761 1488 848; baseline 0.004 -22"><span class='ocrx_word' id='word_1_16' title='bbox 427 761 438 848; x_wconf 88' lang='grc' dir='ltr'><strong>ΙΙ</strong></span> <span class='ocrx_word' id='word_1_17' title='bbox 455 764 529 844; x_wconf 77' lang='grc' dir='ltr'><strong>ῳιίἀ,</strong></span> <span class='ocrx_word' id='word_1_18' title='bbox 539 783 587 824; x_wconf 90' lang='lat' dir='ltr'><strong>me</strong></span> <span class='ocrx_word' id='word_1_19' title='bbox 601 765 740 842; x_wconf 89' lang='lat' dir='ltr'><strong>spectatis</strong></span> <span class='ocrx_word' id='word_1_20' title='bbox 757 765 914 828; x_wconf 83' lang='lat' dir='ltr'><strong>constricta</strong></span> <span class='ocrx_word' id='word_1_21' title='bbox 928 765 1026 827; x_wconf 82' lang='lat' dir='ltr'><strong>fronte</strong></span> <span class='ocrx_word' id='word_1_22' title='bbox 1041 765 1181 840; x_wconf 85' lang='lat' dir='ltr'><strong>Catones,</strong></span> <span class='ocrx_word' id='word_1_23' title='bbox 1442 779 1488 830; x_wconf 82' lang='lat' dir='ltr'><strong>Lo</strong></span> 
     </span>
     <span class='ocr_line' id='line_1_5' title="bbox 496 860 1126 944; baseline 0.003 -20"><span class='ocrx_word' id='word_1_24' title='bbox 496 860 698 940; x_wconf 80' lang='lat' dir='ltr'><strong>damnatisque</strong></span> <span class='ocrx_word' id='word_1_25' title='bbox 712 882 806 924; x_wconf 80' lang='lat' dir='ltr'><strong>novae</strong></span> <span class='ocrx_word' id='word_1_26' title='bbox 820 863 1012 944; x_wconf 85' lang='lat' dir='ltr'><strong>simplicitatis</strong></span> <span class='ocrx_word' id='word_1_27' title='bbox 1029 862 1126 944; x_wconf 79' lang='lat' dir='ltr'><strong>opus?</strong></span> 
     </span>
     <span class='ocr_line' id='line_1_6' title="bbox 455 961 1460 1041; baseline 0.005 -19"><span class='ocrx_word' id='word_1_28' title='bbox 455 961 601 1022; x_wconf 85' lang='lat' dir='ltr'><strong>sermonis</strong></span> <span class='ocrx_word' id='word_1_29' title='bbox 617 961 683 1039; x_wconf 83' lang='lat' dir='ltr'><strong>pusi</strong></span> <span class='ocrx_word' id='word_1_30' title='bbox 698 979 759 1022; x_wconf 91' lang='lat' dir='ltr'><strong>non</strong></span> <span class='ocrx_word' id='word_1_31' title='bbox 773 964 865 1025; x_wconf 86' lang='lat' dir='ltr'><strong>tristis</strong></span> <span class='ocrx_word' id='word_1_32' title='bbox 880 963 969 1041; x_wconf 81' lang='lat' dir='ltr'><strong>gratia</strong></span> <span class='ocrx_word' id='word_1_33' title='bbox 983 963 1069 1036; x_wconf 86' lang='lat' dir='ltr'><strong>ridet,</strong></span> <span class='ocrx_word' id='word_1_34' title='bbox 1444 969 1460 1016; x_wconf 85' lang='grc'><strong>5</strong></span> 
     </span>
     <span class='ocr_line' id='line_1_7' title="bbox 518 1059 1263 1139; baseline 0.001 -19"><span class='ocrx_word' id='word_1_35' title='bbox 518 1059 654 1138; x_wconf 87' lang='lat' dir='ltr'><strong>quodque</strong></span> <span class='ocrx_word' id='word_1_36' title='bbox 668 1059 735 1119; x_wconf 88' lang='lat' dir='ltr'><strong>lacit</strong></span> <span class='ocrx_word' id='word_1_37' title='bbox 750 1059 892 1139; x_wconf 88' lang='lat' dir='ltr'><strong>populus,</strong></span> <span class='ocrx_word' id='word_1_38' title='bbox 911 1061 1032 1123; x_wconf 86' lang='lat' dir='ltr'><strong>candida</strong></span> <span class='ocrx_word' id='word_1_39' title='bbox 1047 1061 1144 1138; x_wconf 81' lang='lat' dir='ltr'><strong>lingua</strong></span> <span class='ocrx_word' id='word_1_40' title='bbox 1159 1060 1263 1134; x_wconf 85' lang='lat' dir='ltr'><strong>relert3</strong></span> 
     </span>
     <span class='ocr_line' id='line_1_8' title="bbox 397 1155 1274 1236; baseline -0.006 -13"><span class='ocrx_word' id='word_1_41' title='bbox 397 1175 412 1223; x_wconf 81' lang='lat'><strong>5</strong></span> <span class='ocrx_word' id='word_1_42' title='bbox 456 1176 524 1219; x_wconf 92' lang='lat' dir='ltr'><strong>uam</strong></span> <span class='ocrx_word' id='word_1_43' title='bbox 540 1158 605 1236; x_wconf 90' lang='lat' dir='ltr'><strong>quis</strong></span> <span class='ocrx_word' id='word_1_44' title='bbox 621 1155 806 1230; x_wconf 80' lang='lat' dir='ltr'><strong>concubitus,</strong></span> <span class='ocrx_word' id='word_1_45' title='bbox 823 1157 942 1218; x_wconf 88' lang='lat' dir='ltr'><strong>Veneris</strong></span> <span class='ocrx_word' id='word_1_46' title='bbox 958 1157 1023 1236; x_wconf 89' lang='lat' dir='ltr'><strong>quis</strong></span> <span class='ocrx_word' id='word_1_47' title='bbox 1040 1158 1143 1236; x_wconf 84' lang='lat' dir='ltr'><strong>gaudia</strong></span> <span class='ocrx_word' id='word_1_48' title='bbox 1158 1155 1274 1219; x_wconf 79' lang='lat' dir='ltr'><strong>nescit?</strong></span> 
     </span>
     <span class='ocr_line' id='line_1_9' title="bbox 498 1252 1173 1334; baseline 0 -18"><span class='ocrx_word' id='word_1_49' title='bbox 498 1256 563 1334; x_wconf 89' lang='lat' dir='ltr'><strong>quis</strong></span> <span class='ocrx_word' id='word_1_50' title='bbox 579 1262 654 1316; x_wconf 89' lang='lat' dir='ltr'><strong>vetat</strong></span> <span class='ocrx_word' id='word_1_51' title='bbox 668 1254 698 1314; x_wconf 95' lang='lat' dir='ltr'><strong>in</strong></span> <span class='ocrx_word' id='word_1_52' title='bbox 713 1252 813 1332; x_wconf 90' lang='lat' dir='ltr'><strong>tepido</strong></span> <span class='ocrx_word' id='word_1_53' title='bbox 829 1255 960 1316; x_wconf 81' lang='lat' dir='ltr'><strong>membra</strong></span> <span class='ocrx_word' id='word_1_54' title='bbox 978 1255 1069 1316; x_wconf 89' lang='lat' dir='ltr'><strong>calere</strong></span> <span class='ocrx_word' id='word_1_55' title='bbox 1083 1253 1173 1317; x_wconf 77' lang='lat' dir='ltr'><strong>toro?</strong></span> 
     </span>
     <span class='ocr_line' id='line_1_10' title="bbox 454 1351 1089 1434; baseline -0.003 -19"><span class='ocrx_word' id='word_1_56' title='bbox 454 1355 519 1434; x_wconf 90' lang='lat' dir='ltr'><strong>ipse</strong></span> <span class='ocrx_word' id='word_1_57' title='bbox 533 1361 616 1432; x_wconf 82' lang='lat' dir='ltr'><strong>pater</strong></span> <span class='ocrx_word' id='word_1_58' title='bbox 630 1351 688 1412; x_wconf 87' lang='lat' dir='ltr'><strong>veri</strong></span> <span class='ocrx_word' id='word_1_59' title='bbox 703 1352 809 1413; x_wconf 91' lang='lat' dir='ltr'><strong>doctus</strong></span> <span class='ocrx_word' id='word_1_60' title='bbox 824 1353 968 1433; x_wconf 84' lang='lat' dir='ltr'><strong>Epicurus</strong></span> <span class='ocrx_word' id='word_1_61' title='bbox 983 1353 1013 1413; x_wconf 90' lang='lat' dir='ltr'><strong>in</strong></span> <span class='ocrx_word' id='word_1_62' title='bbox 1029 1361 1089 1414; x_wconf 84' lang='lat' dir='ltr'><strong>arte</strong></span> 
     </span>
     <span class='ocr_line' id='line_1_11' title="bbox 497 1443 1477 1525; baseline -0.001 -14"><span class='ocrx_word' id='word_1_63' title='bbox 497 1450 583 1511; x_wconf 90' lang='lat' dir='ltr'><strong>iussit</strong></span> <span class='ocrx_word' id='word_1_64' title='bbox 598 1457 628 1511; x_wconf 90' lang='lat' dir='ltr'><strong>et</strong></span> <span class='ocrx_word' id='word_1_65' title='bbox 640 1451 699 1512; x_wconf 87' lang='lat' dir='ltr'><strong>hoc</strong></span> <span class='ocrx_word' id='word_1_66' title='bbox 712 1451 799 1512; x_wconf 87' lang='lat' dir='ltr'><strong>vitam</strong></span> <span class='ocrx_word' id='word_1_67' title='bbox 816 1451 888 1513; x_wconf 83' lang='lat' dir='ltr'><strong>dixit</strong></span> <span class='ocrx_word' id='word_1_68' title='bbox 901 1452 1007 1512; x_wconf 83' lang='lat' dir='ltr'><strong>habene</strong></span> <span class='ocrx_word' id='word_1_69' title='bbox 1020 1443 1127 1525; x_wconf 72' lang='lat' dir='ltr'><strong>aa&#39;iog&#39;</strong></span> <span class='ocrx_word' id='word_1_70' title='bbox 1446 1461 1477 1511; x_wconf 93' lang='lat'><strong>10</strong></span> 
     </span>
    </p>
   </div>
   <div class='ocr_carea' id='block_1_3' title="bbox 369 1566 1466 1720">
    <p class='ocr_par' dir='ltr' id='par_1_3' title="bbox 369 1566 1466 1720">
     <span class='ocr_line' id='line_1_12' title="bbox 854 1566 874 1609; baseline 0 0"><span class='ocrx_word' id='word_1_71' title='bbox 854 1566 874 1609; x_wconf 79' lang='lat' dir='ltr'><strong>s</strong></span> 
     </span>
     <span class='ocr_line' id='line_1_13' title="bbox 369 1629 1466 1720; baseline 0 -24"><span class='ocrx_word' id='word_1_72' title='bbox 369 1633 381 1720; x_wconf 87' lang='grc' dir='ltr'><strong>ΙΙ</strong></span> <span class='ocrx_word' id='word_1_73' title='bbox 393 1629 481 1697; x_wconf 90' lang='lat' dir='ltr'><strong>‘nihil</strong></span> <span class='ocrx_word' id='word_1_74' title='bbox 496 1641 541 1696; x_wconf 86' lang='lat' dir='ltr'><strong>est</strong></span> <span class='ocrx_word' id='word_1_75' title='bbox 554 1634 709 1697; x_wconf 89' lang='lat' dir='ltr'><strong>homiuum</strong></span> <span class='ocrx_word' id='word_1_76' title='bbox 724 1634 821 1714; x_wconf 87' lang='lat' dir='ltr'><strong>inepta</strong></span> <span class='ocrx_word' id='word_1_77' title='bbox 836 1634 1029 1716; x_wconf 80' lang='lat' dir='ltr'><strong>persuasione</strong></span> <span class='ocrx_word' id='word_1_78' title='bbox 1042 1634 1144 1697; x_wconf 82' lang='lat' dir='ltr'><strong>falsius</strong></span> <span class='ocrx_word' id='word_1_79' title='bbox 1160 1653 1214 1697; x_wconf 89' lang='lat' dir='ltr'><strong>nec</strong></span> <span class='ocrx_word' id='word_1_80' title='bbox 1228 1635 1295 1696; x_wconf 86' lang='lat' dir='ltr'><strong>ficta</strong></span> <span class='ocrx_word' id='word_1_81' title='bbox 1311 1635 1425 1696; x_wconf 85' lang='lat' dir='ltr'><strong>severi-</strong></span> <span class='ocrx_word' id='word_1_82' title='bbox 1444 1645 1466 1696; x_wconf 82' lang='lat' dir='ltr'><em>L</em></span> 
     </span>
    </p>
   </div>
   <div class='ocr_carea' id='block_1_4' title="bbox 246 1725 1531 2001">
    <p class='ocr_par' dir='ltr' id='par_1_4' title="bbox 246 1725 1531 2001">
     <span class='ocr_line' id='line_1_14' title="bbox 311 1725 527 1815; baseline -0.014 -17"><span class='ocrx_word' id='word_1_83' title='bbox 311 1744 370 1798; x_wconf 84' lang='lat' dir='ltr'><strong>tate</strong></span> <span class='ocrx_word' id='word_1_84' title='bbox 387 1725 527 1815; x_wconf 82' lang='lat' dir='ltr'><strong>ineptius³</strong></span> 
     </span>
     <span class='ocr_line' id='line_1_15' title="bbox 246 1846 1531 2001; baseline -0.004 -19"><span class='ocrx_word' id='word_1_85' title='bbox 246 1922 305 1984; x_wconf 87' lang='lat'><strong>133</strong></span> <span class='ocrx_word' id='word_1_86' title='bbox 371 1915 383 2001; x_wconf 78' lang='lat' dir='ltr'><strong>ll</strong></span> <span class='ocrx_word' id='word_1_87' title='bbox 398 1920 454 1980; x_wconf 91' lang='lat' dir='ltr'><strong>hac</strong></span> <span class='ocrx_word' id='word_1_88' title='bbox 473 1915 682 1978; x_wconf 80' lang='lat' dir='ltr'><strong>declamatione</strong></span> <span class='ocrx_word' id='word_1_89' title='bbox 702 1915 781 1976; x_wconf 85' lang='lat' dir='ltr'><strong>finita</strong></span> <span class='ocrx_word' id='word_1_90' title='bbox 802 1846 908 1977; x_wconf 59' lang='lat' dir='ltr'><strong>Gitina</strong></span> <span class='ocrx_word' id='word_1_91' title='bbox 930 1935 1003 1978; x_wconf 89' lang='lat' dir='ltr'><strong>voco</strong></span> <span class='ocrx_word' id='word_1_92' title='bbox 1024 1923 1053 1978; x_wconf 91' lang='lat' dir='ltr'><strong>et</strong></span> <span class='ocrx_word' id='word_1_93' title='bbox 1069 1909 1171 1978; x_wconf 85' lang='lat' dir='ltr'><strong>‘narra</strong></span> <span class='ocrx_word' id='word_1_94' title='bbox 1191 1908 1276 1979; x_wconf 84' lang='lat' dir='ltr'><strong>mihi&#39;</strong></span> <span class='ocrx_word' id='word_1_95' title='bbox 1297 1917 1423 1997; x_wconf 88' lang='lat' dir='ltr'><strong>inquam</strong></span> <span class='ocrx_word' id='word_1_96' title='bbox 1443 1927 1487 1978; x_wconf 83' lang='lat' dir='ltr'><strong>Lo</strong></span> <span class='ocrx_word' id='word_1_97' title='bbox 1530 1881 1531 1894; x_wconf 10' lang='grc' dir='ltr'>ἵ</span> 
     </span>
    </p>
   </div>
   <div class='ocr_carea' id='block_1_5' title="bbox 219 2011 1476 2376">
    <p class='ocr_par' dir='ltr' id='par_1_5' title="bbox 310 2011 1476 2295">
     <span class='ocr_line' id='line_1_16' title="bbox 310 2011 1426 2096; baseline 0 -18"><span class='ocrx_word' id='word_1_98' title='bbox 310 2011 423 2091; x_wconf 68' lang='lat' dir='ltr'><strong>‘iraten</strong></span> <span class='ocrx_word' id='word_1_99' title='bbox 439 2017 491 2077; x_wconf 90' lang='lat' dir='ltr'><strong>sed</strong></span> <span class='ocrx_word' id='word_1_100' title='bbox 506 2023 556 2076; x_wconf 85' lang='lat' dir='ltr'><strong>tuo</strong></span> <span class='ocrx_word' id='word_1_101' title='bbox 571 2015 643 2076; x_wconf 88' lang='lat' dir='ltr'><strong>fide:</strong></span> <span class='ocrx_word' id='word_1_102' title='bbox 657 2033 690 2076; x_wconf 89' lang='lat' dir='ltr'><strong>ea</strong></span> <span class='ocrx_word' id='word_1_103' title='bbox 706 2021 800 2089; x_wconf 90' lang='lat' dir='ltr'><strong>nocte,</strong></span> <span class='ocrx_word' id='word_1_104' title='bbox 816 2032 871 2092; x_wconf 91' lang='lat' dir='ltr'><strong>qua</strong></span> <span class='ocrx_word' id='word_1_105' title='bbox 886 2022 914 2076; x_wconf 91' lang='lat' dir='ltr'><strong>te</strong></span> <span class='ocrx_word' id='word_1_106' title='bbox 929 2015 1001 2076; x_wconf 91' lang='lat' dir='ltr'><strong>mihi</strong></span> <span class='ocrx_word' id='word_1_107' title='bbox 1013 2015 1145 2094; x_wconf 81' lang='lat' dir='ltr'><strong>Ascyltos</strong></span> <span class='ocrx_word' id='word_1_108' title='bbox 1162 2014 1311 2090; x_wconf 79' lang='lat' dir='ltr'><strong>subduxit,</strong></span> <span class='ocrx_word' id='word_1_109' title='bbox 1328 2036 1426 2096; x_wconf 91' lang='lat' dir='ltr'><strong>usque</strong></span> 
     </span>
     <span class='ocr_line' id='line_1_17' title="bbox 312 2106 1476 2194; baseline -0.001 -18"><span class='ocrx_word' id='word_1_110' title='bbox 312 2115 343 2176; x_wconf 90' lang='lat' dir='ltr'><strong>iu</strong></span> <span class='ocrx_word' id='word_1_111' title='bbox 358 2115 493 2176; x_wconf 81' lang='lat' dir='ltr'><strong>iniuriam</strong></span> <span class='ocrx_word' id='word_1_112' title='bbox 509 2115 642 2192; x_wconf 88' lang='lat' dir='ltr'><strong>vigilavit,</strong></span> <span class='ocrx_word' id='word_1_113' title='bbox 657 2131 695 2174; x_wconf 90' lang='lat' dir='ltr'><strong>an</strong></span> <span class='ocrx_word' id='word_1_114' title='bbox 710 2118 864 2174; x_wconf 87' lang='lat' dir='ltr'><strong>contentus</strong></span> <span class='ocrx_word' id='word_1_115' title='bbox 879 2113 935 2175; x_wconf 88' lang='lat' dir='ltr'><strong>fuit</strong></span> <span class='ocrx_word' id='word_1_116' title='bbox 949 2114 1033 2174; x_wconf 85' lang='lat' dir='ltr'><strong>vidua</strong></span> <span class='ocrx_word' id='word_1_117' title='bbox 1047 2113 1211 2194; x_wconf 85' lang='lat' dir='ltr'><strong>pudicaque</strong></span> <span class='ocrx_word' id='word_1_118' title='bbox 1225 2106 1352 2176; x_wconf 81' lang='lat' dir='ltr'><strong>nocte?&#39;</strong></span> <span class='ocrx_word' id='word_1_119' title='bbox 1375 2122 1425 2177; x_wconf 93' lang='lat' dir='ltr'><strong>te-</strong></span> <span class='ocrx_word' id='word_1_120' title='bbox 1446 2127 1476 2175; x_wconf 86' lang='lat'><strong>15</strong></span> 
     </span>
     <span class='ocr_line' id='line_1_18' title="bbox 312 2211 1426 2295; baseline -0.001 -19"><span class='ocrx_word' id='word_1_121' title='bbox 312 2214 376 2295; x_wconf 84' lang='lat' dir='ltr'><strong>tigit</strong></span> <span class='ocrx_word' id='word_1_122' title='bbox 385 2232 460 2293; x_wconf 88' lang='lat' dir='ltr'><strong>puer</strong></span> <span class='ocrx_word' id='word_1_123' title='bbox 471 2213 572 2275; x_wconf 89' lang='lat' dir='ltr'><strong>oculos</strong></span> <span class='ocrx_word' id='word_1_124' title='bbox 585 2231 657 2275; x_wconf 89' lang='lat' dir='ltr'><strong>suos</strong></span> <span class='ocrx_word' id='word_1_125' title='bbox 669 2212 960 2293; x_wconf 87' lang='lat' dir='ltr'><strong>conceptissimisque</strong></span> <span class='ocrx_word' id='word_1_126' title='bbox 970 2213 1075 2274; x_wconf 85' lang='lat' dir='ltr'><strong>iuravit</strong></span> <span class='ocrx_word' id='word_1_127' title='bbox 1085 2212 1179 2275; x_wconf 77' lang='lat' dir='ltr'><strong>veihis</strong></span> <span class='ocrx_word' id='word_1_128' title='bbox 1191 2213 1248 2276; x_wconf 91' lang='lat' dir='ltr'><strong>sibi</strong></span> <span class='ocrx_word' id='word_1_129' title='bbox 1258 2211 1294 2274; x_wconf 91' lang='lat' dir='ltr'><strong>ab</strong></span> <span class='ocrx_word' id='word_1_130' title='bbox 1303 2213 1426 2294; x_wconf 75' lang='lat' dir='ltr'><strong>Ascylto</strong></span> 
     </span>
    </p>

    <p class='ocr_par' dir='ltr' id='par_1_6' title="bbox 219 2311 614 2376">
     <span class='ocr_line' id='line_1_19' title="bbox 219 2311 614 2376; baseline -0.013 1"><span class='ocrx_word' id='word_1_131' title='bbox 219 2353 224 2364; x_wconf 91' lang='lat'>·</span> <span class='ocrx_word' id='word_1_132' title='bbox 313 2314 420 2376; x_wconf 90' lang='lat' dir='ltr'><strong>nullam</strong></span> <span class='ocrx_word' id='word_1_133' title='bbox 436 2313 493 2374; x_wconf 89' lang='lat' dir='ltr'><strong>vim</strong></span> <span class='ocrx_word' id='word_1_134' title='bbox 508 2311 614 2373; x_wconf 85' lang='lat' dir='ltr'><strong>factam</strong></span> 
     </span>
    </p>
   </div>
   <div class='ocr_carea' id='block_1_6' title="bbox 313 2509 1531 3004">
    <p class='ocr_par' dir='ltr' id='par_1_7' title="bbox 313 2509 1531 2790">
     <span class='ocr_line' id='line_1_20' title="bbox 348 2509 1427 2574; baseline -0.003 -12"><span class='ocrx_word' id='word_1_135' title='bbox 348 2524 349 2527; x_wconf 76' lang='grc'>’</span> <span class='ocrx_word' id='word_1_136' title='bbox 386 2512 571 2563; x_wconf 78' lang='lat' dir='ltr'><strong>loffenduntt</strong></span> <span class='ocrx_word' id='word_1_137' title='bbox 657 2509 1177 2573; x_wconf 79' lang='lat' dir='ltr'><strong>3constrictsspectstisinuertuntBPp</strong></span> <span class='ocrx_word' id='word_1_138' title='bbox 1267 2510 1427 2574; x_wconf 72' lang='lat' dir='ltr'><strong>idsmpns-</strong></span> 
     </span>
     <span class='ocr_line' id='line_1_21' title="bbox 313 2579 1427 2648; baseline -0.004 -14"><span class='ocrx_word' id='word_1_139' title='bbox 313 2587 392 2648; x_wconf 86' lang='lat' dir='ltr'><strong>tisquc</strong></span> <span class='ocrx_word' id='word_1_140' title='bbox 411 2583 440 2634; x_wconf 99' lang='lat' dir='ltr'><em>F</em></span> <span class='ocrx_word' id='word_1_141' title='bbox 556 2596 622 2631; x_wconf 89' lang='lat' dir='ltr'><strong>none</strong></span> <span class='ocrx_word' id='word_1_142' title='bbox 641 2580 672 2631; x_wconf 89' lang='lat' dir='ltr'><strong>P.</strong></span> <span class='ocrx_word' id='word_1_143' title='bbox 709 2583 790 2630; x_wconf 81' lang='lat' dir='ltr'><strong>bonae</strong></span> <span class='ocrx_word' id='word_1_144' title='bbox 808 2579 960 2630; x_wconf 80' lang='lat' dir='ltr'><strong>Richardus</strong></span> <span class='ocrx_word' id='word_1_145' title='bbox 1077 2583 1168 2644; x_wconf 80' lang='lat' dir='ltr'><strong>lquia</strong></span> <span class='ocrx_word' id='word_1_146' title='bbox 1185 2580 1211 2630; x_wconf 90' lang='lat' dir='ltr'><em>B</em></span> <span class='ocrx_word' id='word_1_147' title='bbox 1326 2583 1427 2630; x_wconf 86' lang='lat' dir='ltr'><strong>uenerit</strong></span> 
     </span>
     <span class='ocr_line' id='line_1_22' title="bbox 314 2649 1531 2721; baseline -0.006 -13"><span class='ocrx_word' id='word_1_148' title='bbox 314 2655 346 2708; x_wconf 85' lang='lat' dir='ltr'><strong>F.</strong></span> <span class='ocrx_word' id='word_1_149' title='bbox 378 2663 440 2721; x_wconf 88' lang='lat' dir='ltr'><strong>post</strong></span> <span class='ocrx_word' id='word_1_150' title='bbox 456 2653 561 2706; x_wconf 87' lang='lat' dir='ltr'><strong>Veneris</strong></span> <span class='ocrx_word' id='word_1_151' title='bbox 580 2651 794 2719; x_wconf 71' lang='lat' dir='ltr'><strong>interpunpebant</strong></span> <span class='ocrx_word' id='word_1_152' title='bbox 811 2653 933 2716; x_wconf 87' lang='lat' dir='ltr'><strong>antiquae</strong></span> <span class='ocrx_word' id='word_1_153' title='bbox 1023 2653 1112 2716; x_wconf 83' lang='lat' dir='ltr'><strong>Squis</strong></span> <span class='ocrx_word' id='word_1_154' title='bbox 1130 2649 1342 2715; x_wconf 72' lang='lat' dir='ltr'><strong>ABFeLPpc:</strong></span> <span class='ocrx_word' id='word_1_155' title='bbox 1364 2654 1425 2714; x_wconf 87' lang='lat' dir='ltr'><strong>quid</strong></span> <span class='ocrx_word' id='word_1_156' title='bbox 1530 2667 1531 2670; x_wconf 48' lang='lat'>¹</span> 
     </span>
     <span class='ocr_line' id='line_1_23' title="bbox 313 2721 1425 2790; baseline -0.005 -12"><span class='ocrx_word' id='word_1_157' title='bbox 313 2727 447 2790; x_wconf 62' lang='lat' dir='ltr'><strong>Heinsius</strong></span> <span class='ocrx_word' id='word_1_158' title='bbox 465 2723 497 2774; x_wconf 83' lang='lat' dir='ltr'><strong>de</strong></span> <span class='ocrx_word' id='word_1_159' title='bbox 515 2723 615 2775; x_wconf 89' lang='lat' dir='ltr'><strong>silentia</strong></span> <span class='ocrx_word' id='word_1_160' title='bbox 636 2723 713 2774; x_wconf 72' lang='grc' dir='ltr'><strong>ΟΜ]</strong></span> <span class='ocrx_word' id='word_1_161' title='bbox 808 2732 875 2773; x_wconf 80' lang='lat' dir='ltr'><strong>uetat</strong></span> <span class='ocrx_word' id='word_1_162' title='bbox 887 2723 994 2774; x_wconf 77' lang='lat' dir='ltr'><strong>Deuca:</strong></span> <span class='ocrx_word' id='word_1_163' title='bbox 1013 2731 1081 2788; x_wconf 84' lang='lat' dir='ltr'><strong>petet</strong></span> <span class='ocrx_word' id='word_1_164' title='bbox 1092 2723 1178 2788; x_wconf 90' lang='lat' dir='ltr'><strong>BPpt‚</strong></span> <span class='ocrx_word' id='word_1_165' title='bbox 1197 2725 1259 2787; x_wconf 89' lang='lat' dir='ltr'><strong>petit</strong></span> <span class='ocrx_word' id='word_1_166' title='bbox 1271 2721 1425 2788; x_wconf 79' lang='lat' dir='ltr'><strong>AODEFe,</strong></span> 
     </span>
    </p>

    <p class='ocr_par' dir='ltr' id='par_1_8' title="bbox 313 2808 1425 3004">
     <span class='ocr_line' id='line_1_24' title="bbox 883 2808 1238 2859; baseline -0.003 1"><span class='ocrx_word' id='word_1_167' title='bbox 883 2829 885 2853; x_wconf 76' lang='grc' dir='ltr'>ι</span> <span class='ocrx_word' id='word_1_168' title='bbox 1222 2808 1238 2859; x_wconf 87' lang='lat'><em>†</em></span> 
     </span>
     <span class='ocr_line' id='line_1_25' title="bbox 313 2864 1425 2932; baseline -0.002 -14"><span class='ocrx_word' id='word_1_169' title='bbox 313 2869 372 2918; x_wconf 84' lang='lat' dir='ltr'><strong>itera</strong></span> <span class='ocrx_word' id='word_1_170' title='bbox 400 2867 424 2918; x_wconf 71' lang='lat' dir='ltr'><strong>(ai</strong></span> <span class='ocrx_word' id='word_1_171' title='bbox 452 2867 481 2917; x_wconf 87' lang='lat' dir='ltr'><strong>in</strong></span> <span class='ocrx_word' id='word_1_172' title='bbox 508 2883 558 2932; x_wconf 82' lang='lat' dir='ltr'><strong>qao</strong></span> <span class='ocrx_word' id='word_1_173' title='bbox 583 2867 651 2917; x_wconf 89' lang='lat' dir='ltr'><strong>alius</strong></span> <span class='ocrx_word' id='word_1_174' title='bbox 675 2869 754 2916; x_wconf 86' lang='lat' dir='ltr'><strong>nescit</strong></span> <span class='ocrx_word' id='word_1_175' title='bbox 772 2865 971 2930; x_wconf 74' lang='lat' dir='ltr'><strong>superscripsit</strong></span> <span class='ocrx_word' id='word_1_176' title='bbox 988 2865 1052 2915; x_wconf 90' lang='lat' dir='ltr'><strong>etin</strong></span> <span class='ocrx_word' id='word_1_177' title='bbox 1072 2864 1176 2928; x_wconf 84' lang='lat' dir='ltr'><strong>deleuit,</strong></span> <span class='ocrx_word' id='word_1_178' title='bbox 1204 2866 1265 2932; x_wconf 82' lang='lat' dir='ltr'><strong>petit</strong></span> <span class='ocrx_word' id='word_1_179' title='bbox 1282 2865 1378 2915; x_wconf 84' lang='lat' dir='ltr'><strong>iterato</strong></span> <span class='ocrx_word' id='word_1_180' title='bbox 1396 2866 1425 2916; x_wconf 88' lang='lat' dir='ltr'><strong>in</strong></span> 
     </span>
     <span class='ocr_line' id='line_1_26' title="bbox 313 2935 1308 3004; baseline -0.003 -15"><span class='ocrx_word' id='word_1_181' title='bbox 313 2939 429 3004; x_wconf 79' lang='lat' dir='ltr'><strong>marpiue</strong></span> <span class='ocrx_word' id='word_1_182' title='bbox 447 2939 531 2989; x_wconf 83' lang='lat' dir='ltr'><strong>crucis</strong></span> <span class='ocrx_word' id='word_1_183' title='bbox 549 2939 621 3004; x_wconf 77' lang='lat' dir='ltr'><strong>sipno</strong></span> <span class='ocrx_word' id='word_1_184' title='bbox 639 2938 673 2991; x_wconf 86' lang='lat' dir='ltr'><strong>L.</strong></span> <span class='ocrx_word' id='word_1_185' title='bbox 708 2946 779 3002; x_wconf 83' lang='lat' dir='ltr'><strong>putat</strong></span> <span class='ocrx_word' id='word_1_186' title='bbox 796 2939 821 2987; x_wconf 92' lang='lat' dir='ltr'><strong>in</strong></span> <span class='ocrx_word' id='word_1_187' title='bbox 840 2939 918 2988; x_wconf 82' lang='lat' dir='ltr'><strong>calido</strong></span> <span class='ocrx_word' id='word_1_188' title='bbox 937 2939 1050 2987; x_wconf 82' lang='lat' dir='ltr'><strong>membre</strong></span> <span class='ocrx_word' id='word_1_189' title='bbox 1067 2943 1150 3001; x_wconf 87' lang='lat' dir='ltr'><strong>tepere</strong></span> <span class='ocrx_word' id='word_1_190' title='bbox 1168 2935 1308 3001; x_wconf 72' lang='lat' dir='ltr'><strong>Scioppius</strong></span> 
     </span>
    </p>
   </div>
   <div class='ocr_carea' id='block_1_7' title="bbox 311 3017 1531 3466">
    <p class='ocr_par' dir='ltr' id='par_1_9' title="bbox 311 3017 1306 3110">
     <span class='ocr_line' id='line_1_27' title="bbox 311 3017 1306 3110; baseline -0.002 -16"><span class='ocrx_word' id='word_1_191' title='bbox 311 3045 408 3110; x_wconf 81' lang='lat' dir='ltr'><strong>trepido</strong></span> <span class='ocrx_word' id='word_1_192' title='bbox 432 3061 497 3094; x_wconf 90' lang='lat' dir='ltr'><strong>corr.</strong></span> <span class='ocrx_word' id='word_1_193' title='bbox 517 3043 546 3094; x_wconf 89' lang='lat' dir='ltr'><strong>in</strong></span> <span class='ocrx_word' id='word_1_194' title='bbox 564 3046 646 3108; x_wconf 84' lang='lat' dir='ltr'><strong>tepido</strong></span> <span class='ocrx_word' id='word_1_195' title='bbox 666 3043 690 3094; x_wconf 72' lang='lat' dir='ltr'><strong><em>G</em></strong></span> <span class='ocrx_word' id='word_1_196' title='bbox 815 3017 897 3109; x_wconf 60' lang='lat' dir='ltr'><strong>salire</strong></span> <span class='ocrx_word' id='word_1_197' title='bbox 917 3041 948 3108; x_wconf 74' lang='lat' dir='ltr'><strong>G,</strong></span> <span class='ocrx_word' id='word_1_198' title='bbox 968 3044 1049 3093; x_wconf 84' lang='lat' dir='ltr'><strong>calore</strong></span> <span class='ocrx_word' id='word_1_199' title='bbox 1068 3043 1155 3106; x_wconf 74' lang='lat' dir='ltr'><strong>Anu,</strong></span> <span class='ocrx_word' id='word_1_200' title='bbox 1175 3045 1258 3093; x_wconf 88' lang='lat' dir='ltr'><strong>colore</strong></span> <span class='ocrx_word' id='word_1_201' title='bbox 1275 3041 1306 3092; x_wconf 85' lang='lat' dir='ltr'><em>F</em></span> 
     </span>
    </p>

    <p class='ocr_par' dir='ltr' id='par_1_10' title="bbox 314 3114 1531 3251">
     <span class='ocr_line' id='line_1_28' title="bbox 314 3114 1531 3180; baseline -0.002 -14"><span class='ocrx_word' id='word_1_202' title='bbox 314 3119 387 3167; x_wconf 85' lang='lat' dir='ltr'><strong>thoro</strong></span> <span class='ocrx_word' id='word_1_203' title='bbox 406 3114 463 3165; x_wconf 81' lang='lat' dir='ltr'><strong>AF</strong></span> <span class='ocrx_word' id='word_1_204' title='bbox 558 3118 661 3180; x_wconf 85' lang='lat' dir='ltr'><strong>9pstet</strong></span> <span class='ocrx_word' id='word_1_205' title='bbox 679 3115 705 3164; x_wconf 79' lang='lat' dir='ltr'><strong><em>A</em></strong></span> <span class='ocrx_word' id='word_1_206' title='bbox 803 3129 863 3164; x_wconf 84' lang='lat' dir='ltr'><strong>uere</strong></span> <span class='ocrx_word' id='word_1_207' title='bbox 880 3123 998 3180; x_wconf 78' lang='lat' dir='ltr'><strong>marpot</strong></span> <span class='ocrx_word' id='word_1_208' title='bbox 1089 3117 1176 3164; x_wconf 86' lang='lat' dir='ltr'><strong>doctos</strong></span> <span class='ocrx_word' id='word_1_209' title='bbox 1193 3116 1316 3180; x_wconf 87' lang='lat' dir='ltr'><strong>Epicurus</strong></span> <span class='ocrx_word' id='word_1_210' title='bbox 1335 3131 1424 3165; x_wconf 82' lang='lat' dir='ltr'><strong>amere</strong></span> <span class='ocrx_word' id='word_1_211' title='bbox 1530 3131 1531 3138; x_wconf 54' lang='lat'>¹</span> 
     </span>
     <span class='ocr_line' id='line_1_29' title="bbox 316 3185 1425 3251; baseline -0.001 -13"><span class='ocrx_word' id='word_1_212' title='bbox 316 3187 449 3250; x_wconf 70' lang='lat' dir='ltr'><strong>casune,</strong></span> <span class='ocrx_word' id='word_1_213' title='bbox 459 3185 609 3249; x_wconf 80' lang='lat' dir='ltr'><strong>Lambinus,</strong></span> <span class='ocrx_word' id='word_1_214' title='bbox 620 3187 722 3237; x_wconf 78' lang='lat' dir='ltr'><strong>Deuca.</strong></span> <span class='ocrx_word' id='word_1_215' title='bbox 744 3186 822 3234; x_wconf 88' lang='lat' dir='ltr'><strong>doctis</strong></span> <span class='ocrx_word' id='word_1_216' title='bbox 834 3186 956 3249; x_wconf 85' lang='lat' dir='ltr'><strong>Epicurus</strong></span> <span class='ocrx_word' id='word_1_217' title='bbox 968 3187 993 3234; x_wconf 95' lang='lat' dir='ltr'><strong>in</strong></span> <span class='ocrx_word' id='word_1_218' title='bbox 1007 3187 1086 3234; x_wconf 91' lang='lat' dir='ltr'><strong>hortis</strong></span> <span class='ocrx_word' id='word_1_219' title='bbox 1099 3187 1160 3235; x_wconf 82' lang='lat' dir='ltr'><strong>uixit</strong></span> <span class='ocrx_word' id='word_1_220' title='bbox 1169 3185 1315 3251; x_wconf 76' lang='lat' dir='ltr'><strong>Menapios,</strong></span> <span class='ocrx_word' id='word_1_221' title='bbox 1328 3187 1425 3237; x_wconf 87' lang='lat' dir='ltr'><strong>Veneri</strong></span> 
     </span>
    </p>

    <p class='ocr_par' dir='ltr' id='par_1_11' title="bbox 314 3254 1424 3324">
     <span class='ocr_line' id='line_1_30' title="bbox 314 3254 1424 3324; baseline -0.004 -14"><span class='ocrx_word' id='word_1_222' title='bbox 314 3261 384 3310; x_wconf 87' lang='lat' dir='ltr'><strong>dictis</strong></span> <span class='ocrx_word' id='word_1_223' title='bbox 402 3260 524 3324; x_wconf 85' lang='lat' dir='ltr'><strong>Epicurus</strong></span> <span class='ocrx_word' id='word_1_224' title='bbox 542 3259 566 3308; x_wconf 94' lang='lat' dir='ltr'><strong>in</strong></span> <span class='ocrx_word' id='word_1_225' title='bbox 585 3259 665 3307; x_wconf 89' lang='lat' dir='ltr'><strong>hortis</strong></span> <span class='ocrx_word' id='word_1_226' title='bbox 682 3258 740 3307; x_wconf 89' lang='lat' dir='ltr'><strong>lusit</strong></span> <span class='ocrx_word' id='word_1_227' title='bbox 757 3254 881 3308; x_wconf 78' lang='lat' dir='ltr'><strong>Heinsius</strong></span> <span class='ocrx_word' id='word_1_228' title='bbox 899 3259 956 3306; x_wconf 86' lang='lat' dir='ltr'><strong>lusit</strong></span> <span class='ocrx_word' id='word_1_229' title='bbox 974 3274 989 3306; x_wconf 88' lang='lat' dir='ltr'><strong>a</strong></span> <span class='ocrx_word' id='word_1_230' title='bbox 1006 3255 1141 3307; x_wconf 73' lang='lat' dir='ltr'><strong>Richards</strong></span> <span class='ocrx_word' id='word_1_231' title='bbox 1161 3264 1303 3320; x_wconf 79' lang='lat' dir='ltr'><strong>mutuatus,</strong></span> <span class='ocrx_word' id='word_1_232' title='bbox 1322 3259 1424 3308; x_wconf 90' lang='lat' dir='ltr'><strong>doctus·</strong></span> 
     </span>
    </p>

    <p class='ocr_par' dir='ltr' id='par_1_12' title="bbox 314 3327 1351 3398">
     <span class='ocr_line' id='line_1_31' title="bbox 314 3327 1351 3398; baseline -0.004 -16"><span class='ocrx_word' id='word_1_233' title='bbox 314 3348 361 3398; x_wconf 83' lang='lat' dir='ltr'><strong>qne</strong></span> <span class='ocrx_word' id='word_1_234' title='bbox 380 3330 542 3382; x_wconf 86' lang='lat' dir='ltr'><strong>Rarniresius</strong></span> <span class='ocrx_word' id='word_1_235' title='bbox 558 3328 691 3380; x_wconf 80' lang='lat' dir='ltr'><strong>Martialis</strong></span> <span class='ocrx_word' id='word_1_236' title='bbox 709 3327 848 3394; x_wconf 70' lang='lat' dir='ltr'><strong>interpres,</strong></span> <span class='ocrx_word' id='word_1_237' title='bbox 867 3329 988 3392; x_wconf 84' lang='lat' dir='ltr'><strong>Epicuros</strong></span> <span class='ocrx_word' id='word_1_238' title='bbox 1006 3329 1111 3380; x_wconf 89' lang='lat' dir='ltr'><strong>inertem</strong></span> <span class='ocrx_word' id='word_1_239' title='bbox 1129 3329 1198 3377; x_wconf 90' lang='lat' dir='ltr'><strong>iussit</strong></span> <span class='ocrx_word' id='word_1_240' title='bbox 1211 3327 1351 3393; x_wconf 81' lang='lat' dir='ltr'><strong>Scioppius</strong></span> 
     </span>
    </p>

    <p class='ocr_par' dir='ltr' id='par_1_13' title="bbox 312 3398 1531 3466">
     <span class='ocr_line' id='line_1_32' title="bbox 312 3398 1531 3466; baseline -0.004 -12"><span class='ocrx_word' id='word_1_241' title='bbox 312 3407 338 3454; x_wconf 89' lang='lat' dir='ltr'><strong>in</strong></span> <span class='ocrx_word' id='word_1_242' title='bbox 357 3419 414 3454; x_wconf 86' lang='lat' dir='ltr'><strong>arce</strong></span> <span class='ocrx_word' id='word_1_243' title='bbox 433 3403 531 3455; x_wconf 73' lang='lat' dir='ltr'><strong>ennae</strong></span> <span class='ocrx_word' id='word_1_244' title='bbox 548 3410 572 3452; x_wconf 89' lang='lat' dir='ltr'><strong>et</strong></span> <span class='ocrx_word' id='word_1_245' title='bbox 589 3401 741 3452; x_wconf 83' lang='lat' dir='ltr'><strong>coniunctim</strong></span> <span class='ocrx_word' id='word_1_246' title='bbox 761 3399 792 3464; x_wconf 78' lang='lat' dir='ltr'><strong>G,</strong></span> <span class='ocrx_word' id='word_1_247' title='bbox 812 3407 890 3450; x_wconf 79' lang='lat' dir='ltr'><strong>marte</strong></span> <span class='ocrx_word' id='word_1_248' title='bbox 904 3398 933 3450; x_wconf 85' lang='lat' dir='ltr'><em>F</em></span> <span class='ocrx_word' id='word_1_249' title='bbox 1048 3401 1079 3450; x_wconf 88' lang='grc'><strong>10</strong></span> <span class='ocrx_word' id='word_1_250' title='bbox 1098 3398 1201 3450; x_wconf 85' lang='lat' dir='ltr'><strong>iuxitF</strong></span> <span class='ocrx_word' id='word_1_251' title='bbox 1303 3401 1356 3449; x_wconf 91' lang='lat' dir='ltr'><strong>hoc</strong></span> <span class='ocrx_word' id='word_1_252' title='bbox 1370 3399 1424 3466; x_wconf 89' lang='lat' dir='ltr'><strong>Bp,</strong></span> <span class='ocrx_word' id='word_1_253' title='bbox 1530 3431 1531 3436; x_wconf 62' lang='lat'>=</span> 
     </span>
    </p>
   </div>
   <div class='ocr_carea' id='block_1_8' title="bbox 313 3491 1425 4283">
    <p class='ocr_par' dir='ltr' id='par_1_14' title="bbox 313 3491 1424 3784">
     <span class='ocr_line' id='line_1_33' title="bbox 313 3491 1423 3576; baseline -0.004 -15"><span class='ocrx_word' id='word_1_254' title='bbox 313 3527 401 3576; x_wconf 61' lang='lat' dir='ltr'><strong>usurpo</strong></span> <span class='ocrx_word' id='word_1_255' title='bbox 418 3508 457 3560; x_wconf 80' lang='lat' dir='ltr'><strong>Ls</strong></span> <span class='ocrx_word' id='word_1_256' title='bbox 475 3491 542 3559; x_wconf 79' lang='lat' dir='ltr'><strong>honc</strong></span> <span class='ocrx_word' id='word_1_257' title='bbox 565 3509 603 3572; x_wconf 81' lang='lat' dir='ltr'><strong>A,</strong></span> <span class='ocrx_word' id='word_1_258' title='bbox 622 3510 688 3557; x_wconf 82' lang='lat' dir='ltr'><strong>hano</strong></span> <span class='ocrx_word' id='word_1_259' title='bbox 707 3507 783 3558; x_wconf 83' lang='lat' dir='ltr'><strong>ceteri</strong></span> <span class='ocrx_word' id='word_1_260' title='bbox 925 3507 987 3555; x_wconf 85' lang='lat' dir='ltr'><strong>telos</strong></span> <span class='ocrx_word' id='word_1_261' title='bbox 1005 3505 1057 3570; x_wconf 85' lang='lat' dir='ltr'><strong>Bp,</strong></span> <span class='ocrx_word' id='word_1_262' title='bbox 1075 3505 1205 3572; x_wconf 78' lang='lat' dir='ltr'><strong>marpines</strong></span> <span class='ocrx_word' id='word_1_263' title='bbox 1223 3504 1271 3554; x_wconf 83' lang='lat' dir='ltr'><strong>Lt:</strong></span> <span class='ocrx_word' id='word_1_264' title='bbox 1294 3507 1371 3556; x_wconf 88' lang='lat' dir='ltr'><strong>cedes</strong></span> <span class='ocrx_word' id='word_1_265' title='bbox 1391 3507 1423 3571; x_wconf 92' lang='lat' dir='ltr'><strong>P,</strong></span> 
     </span>
     <span class='ocr_line' id='line_1_34' title="bbox 314 3576 1424 3640; baseline -0.003 -10"><span class='ocrx_word' id='word_1_266' title='bbox 314 3584 374 3630; x_wconf 92' lang='lat' dir='ltr'><strong>deos</strong></span> <span class='ocrx_word' id='word_1_267' title='bbox 393 3581 469 3631; x_wconf 84' lang='lat' dir='ltr'><strong>ceteri</strong></span> <span class='ocrx_word' id='word_1_268' title='bbox 593 3594 680 3629; x_wconf 86' lang='lat' dir='ltr'><strong>uersus</strong></span> <span class='ocrx_word' id='word_1_269' title='bbox 699 3579 764 3628; x_wconf 92' lang='lat' dir='ltr'><strong>VIlI</strong></span> <span class='ocrx_word' id='word_1_270' title='bbox 782 3576 953 3640; x_wconf 81' lang='lat' dir='ltr'><strong>subscriptum</strong></span> <span class='ocrx_word' id='word_1_271' title='bbox 971 3578 995 3626; x_wconf 80' lang='lat' dir='ltr'><em>A</em></span> <span class='ocrx_word' id='word_1_272' title='bbox 1121 3576 1271 3627; x_wconf 75' lang='lat' dir='ltr'><strong>asteriscum</strong></span> <span class='ocrx_word' id='word_1_273' title='bbox 1288 3576 1318 3626; x_wconf 91' lang='lat' dir='ltr'><strong>in</strong></span> <span class='ocrx_word' id='word_1_274' title='bbox 1335 3594 1424 3630; x_wconf 80' lang='lat' dir='ltr'><strong>unmeo</strong></span> 
     </span>
     <span class='ocr_line' id='line_1_35' title="bbox 314 3647 1424 3715; baseline 0 -15"><span class='ocrx_word' id='word_1_275' title='bbox 314 3667 393 3701; x_wconf 88' lang='lat' dir='ltr'><strong>uersu</strong></span> <span class='ocrx_word' id='word_1_276' title='bbox 411 3650 486 3702; x_wconf 74' lang='lat' dir='ltr'><strong>habet</strong></span> <span class='ocrx_word' id='word_1_277' title='bbox 503 3660 519 3704; x_wconf 90' lang='lat' dir='ltr'><strong>t.</strong></span> <span class='ocrx_word' id='word_1_278' title='bbox 555 3650 630 3702; x_wconf 85' lang='lat' dir='ltr'><strong>nulia</strong></span> <span class='ocrx_word' id='word_1_279' title='bbox 647 3649 743 3700; x_wconf 80' lang='lat' dir='ltr'><strong>lacenae</strong></span> <span class='ocrx_word' id='word_1_280' title='bbox 760 3650 789 3700; x_wconf 86' lang='lat' dir='ltr'><strong>in</strong></span> <span class='ocrx_word' id='word_1_281' title='bbox 807 3650 857 3715; x_wconf 89' lang='lat' dir='ltr'><strong>Lp.</strong></span> <span class='ocrx_word' id='word_1_282' title='bbox 894 3647 1057 3713; x_wconf 81' lang='lat' dir='ltr'><strong>subsequitur</strong></span> <span class='ocrx_word' id='word_1_283' title='bbox 1067 3648 1214 3714; x_wconf 70' lang='lat' dir='ltr'><strong>frustulum</strong></span> <span class='ocrx_word' id='word_1_284' title='bbox 1232 3647 1346 3697; x_wconf 83' lang='lat' dir='ltr'><strong>eiusdem</strong></span> <span class='ocrx_word' id='word_1_285' title='bbox 1365 3667 1424 3700; x_wconf 86' lang='lat' dir='ltr'><strong>ora-</strong></span> 
     </span>
     <span class='ocr_line' id='line_1_36' title="bbox 315 3719 1336 3784; baseline -0.002 -14"><span class='ocrx_word' id='word_1_286' title='bbox 315 3721 390 3771; x_wconf 82' lang='lat' dir='ltr'><strong>tionis</strong></span> <span class='ocrx_word' id='word_1_287' title='bbox 499 3726 530 3772; x_wconf 80' lang='lat'><strong>12</strong></span> <span class='ocrx_word' id='word_1_288' title='bbox 550 3731 600 3773; x_wconf 90' lang='lat' dir='ltr'><strong>tres</strong></span> <span class='ocrx_word' id='word_1_289' title='bbox 619 3722 752 3772; x_wconf 83' lang='lat' dir='ltr'><strong>asteriscos</strong></span> <span class='ocrx_word' id='word_1_290' title='bbox 770 3721 795 3771; x_wconf 90' lang='lat' dir='ltr'><em>L</em></span> <span class='ocrx_word' id='word_1_291' title='bbox 813 3719 897 3784; x_wconf 81' lang='lat' dir='ltr'><strong>ocidit,</strong></span> <span class='ocrx_word' id='word_1_292' title='bbox 916 3736 996 3770; x_wconf 82' lang='lat' dir='ltr'><strong>unum</strong></span> <span class='ocrx_word' id='word_1_293' title='bbox 1015 3727 1031 3772; x_wconf 86' lang='lat' dir='ltr'><strong>t.</strong></span> <span class='ocrx_word' id='word_1_294' title='bbox 1067 3720 1141 3771; x_wconf 85' lang='lat' dir='ltr'><strong>nulla</strong></span> <span class='ocrx_word' id='word_1_295' title='bbox 1159 3720 1255 3770; x_wconf 85' lang='lat' dir='ltr'><strong>lacuna</strong></span> <span class='ocrx_word' id='word_1_296' title='bbox 1272 3719 1336 3784; x_wconf 85' lang='lat' dir='ltr'><strong>inp</strong></span> 
     </span>
    </p>

    <p class='ocr_par' dir='ltr' id='par_1_15' title="bbox 314 3790 1425 4283">
     <span class='ocr_line' id='line_1_37' title="bbox 317 3790 1424 3858; baseline 0.001 -18"><span class='ocrx_word' id='word_1_297' title='bbox 317 3794 349 3840; x_wconf 83' lang='lat'><strong>13</strong></span> <span class='ocrx_word' id='word_1_298' title='bbox 368 3792 467 3856; x_wconf 82' lang='lat' dir='ltr'><strong>Gytous</strong></span> <span class='ocrx_word' id='word_1_299' title='bbox 488 3792 544 3856; x_wconf 75' lang='lat' dir='ltr'><strong>GL,</strong></span> <span class='ocrx_word' id='word_1_300' title='bbox 563 3794 714 3858; x_wconf 81' lang='lat' dir='ltr'><strong>gythoneA</strong></span> <span class='ocrx_word' id='word_1_301' title='bbox 821 3790 927 3842; x_wconf 85' lang='lat' dir='ltr'><strong>uoceF</strong></span> <span class='ocrx_word' id='word_1_302' title='bbox 976 3819 982 3828; x_wconf 81' lang='lat'>=</span> <span class='ocrx_word' id='word_1_303' title='bbox 1030 3793 1063 3840; x_wconf 89' lang='grc'><strong>14</strong></span> <span class='ocrx_word' id='word_1_304' title='bbox 1082 3793 1102 3840; x_wconf 92' lang='lat' dir='ltr'><strong>si</strong></span> <span class='ocrx_word' id='word_1_305' title='bbox 1116 3807 1168 3856; x_wconf 90' lang='lat' dir='ltr'><strong>prc</strong></span> <span class='ocrx_word' id='word_1_306' title='bbox 1187 3792 1229 3840; x_wconf 89' lang='lat' dir='ltr'><strong>sed</strong></span> <span class='ocrx_word' id='word_1_307' title='bbox 1247 3797 1272 3840; x_wconf 88' lang='lat' dir='ltr'><strong>st</strong></span> <span class='ocrx_word' id='word_1_308' title='bbox 1380 3799 1424 3841; x_wconf 83' lang='lat' dir='ltr'><strong>tun</strong></span> 
     </span>
     <span class='ocr_line' id='line_1_38' title="bbox 314 3859 1425 3928; baseline 0.003 -18"><span class='ocrx_word' id='word_1_309' title='bbox 314 3864 361 3911; x_wconf 85' lang='lat' dir='ltr'><strong>fide</strong></span> <span class='ocrx_word' id='word_1_310' title='bbox 380 3877 426 3912; x_wconf 81' lang='lat' dir='ltr'><strong>ma.</strong></span> <span class='ocrx_word' id='word_1_311' title='bbox 445 3878 457 3911; x_wconf 90' lang='lat' dir='ltr'><strong>s</strong></span> <span class='ocrx_word' id='word_1_312' title='bbox 464 3879 472 3921; x_wconf 83' lang='lat'><strong>‚·</strong></span> <span class='ocrx_word' id='word_1_313' title='bbox 492 3869 543 3912; x_wconf 84' lang='lat' dir='ltr'><strong>tam</strong></span> <span class='ocrx_word' id='word_1_314' title='bbox 566 3867 613 3914; x_wconf 88' lang='lat' dir='ltr'><strong>fide</strong></span> <span class='ocrx_word' id='word_1_315' title='bbox 633 3863 666 3928; x_wconf 90' lang='lat' dir='ltr'><strong>F,</strong></span> <span class='ocrx_word' id='word_1_316' title='bbox 690 3873 740 3914; x_wconf 88' lang='lat' dir='ltr'><strong>tam</strong></span> <span class='ocrx_word' id='word_1_317' title='bbox 764 3866 815 3914; x_wconf 91' lang='lat' dir='ltr'><strong>side</strong></span> <span class='ocrx_word' id='word_1_318' title='bbox 840 3869 887 3913; x_wconf 88' lang='lat' dir='ltr'><strong>aut</strong></span> <span class='ocrx_word' id='word_1_319' title='bbox 910 3870 962 3912; x_wconf 84' lang='lat' dir='ltr'><strong>tom</strong></span> <span class='ocrx_word' id='word_1_320' title='bbox 986 3863 1006 3911; x_wconf 88' lang='lat' dir='ltr'><strong>si</strong></span> <span class='ocrx_word' id='word_1_321' title='bbox 1029 3864 1060 3912; x_wconf 78' lang='lat' dir='ltr'><strong>(le</strong></span> <span class='ocrx_word' id='word_1_322' title='bbox 1079 3859 1216 3913; x_wconf 71' lang='lat' dir='ltr'><strong><em>AODEG.</em></strong></span> <span class='ocrx_word' id='word_1_323' title='bbox 1252 3861 1372 3913; x_wconf 75' lang='lat' dir='ltr'><strong>similiter</strong></span> <span class='ocrx_word' id='word_1_324' title='bbox 1395 3864 1425 3913; x_wconf 87' lang='lat' dir='ltr'><strong>in</strong></span> 
     </span>
     <span class='ocr_line' id='line_1_39' title="bbox 317 3931 1350 3999; baseline 0.001 -18"><span class='ocrx_word' id='word_1_325' title='bbox 317 3931 434 3997; x_wconf 78' lang='lat' dir='ltr'><strong>Captiuis</strong></span> <span class='ocrx_word' id='word_1_326' title='bbox 453 3931 542 3984; x_wconf 87' lang='lat' dir='ltr'><strong>Plauti</strong></span> <span class='ocrx_word' id='word_1_327' title='bbox 555 3935 629 3985; x_wconf 93' lang='lat' dir='ltr'><strong><em>IIII</em></strong></span> <span class='ocrx_word' id='word_1_328' title='bbox 639 3938 728 3999; x_wconf 57' lang='lat'><strong>2101</strong></span> <span class='ocrx_word' id='word_1_329' title='bbox 747 3938 797 3986; x_wconf 86' lang='lat' dir='ltr'><strong>ism</strong></span> <span class='ocrx_word' id='word_1_330' title='bbox 816 3936 857 3984; x_wconf 89' lang='lat' dir='ltr'><strong>diu</strong></span> <span class='ocrx_word' id='word_1_331' title='bbox 875 3932 981 3985; x_wconf 86' lang='lat' dir='ltr'><strong>uidetur</strong></span> <span class='ocrx_word' id='word_1_332' title='bbox 999 3949 1030 3983; x_wconf 83' lang='lat' dir='ltr'><strong>ea</strong></span> <span class='ocrx_word' id='word_1_333' title='bbox 1043 3942 1102 3983; x_wconf 83' lang='lat' dir='ltr'><strong>tuan</strong></span> <span class='ocrx_word' id='word_1_334' title='bbox 1114 3933 1162 3983; x_wconf 85' lang='lat' dir='ltr'><strong>lide</strong></span> <span class='ocrx_word' id='word_1_335' title='bbox 1175 3932 1350 3997; x_wconf 78' lang='lat' dir='ltr'><strong>deprauaturn</strong></span> 
     </span>
     <span class='ocr_line' id='line_1_40' title="bbox 316 4001 1315 4072; baseline 0.002 -20"><span class='ocrx_word' id='word_1_336' title='bbox 316 4005 414 4053; x_wconf 86' lang='lat' dir='ltr'><strong>asciltos</strong></span> <span class='ocrx_word' id='word_1_337' title='bbox 434 4001 467 4066; x_wconf 86' lang='lat' dir='ltr'><strong>F,</strong></span> <span class='ocrx_word' id='word_1_338' title='bbox 485 4006 576 4067; x_wconf 84' lang='lat' dir='ltr'><strong>asyltos</strong></span> <span class='ocrx_word' id='word_1_339' title='bbox 596 4005 626 4056; x_wconf 88' lang='lat' dir='ltr'><strong>P.</strong></span> <span class='ocrx_word' id='word_1_340' title='bbox 664 4005 752 4072; x_wconf 74' lang='lat' dir='ltr'><strong>confer</strong></span> <span class='ocrx_word' id='word_1_341' title='bbox 765 4023 794 4071; x_wconf 90' lang='lat' dir='ltr'><strong>p.</strong></span> <span class='ocrx_word' id='word_1_342' title='bbox 809 4009 851 4070; x_wconf 82' lang='lat'><strong>93,</strong></span> <span class='ocrx_word' id='word_1_343' title='bbox 873 4009 903 4055; x_wconf 81' lang='lat'><strong>17</strong></span> <span class='ocrx_word' id='word_1_344' title='bbox 1052 4007 1082 4053; x_wconf 88' lang='grc'><strong>15</strong></span> <span class='ocrx_word' id='word_1_345' title='bbox 1101 4005 1127 4054; x_wconf 93' lang='lat' dir='ltr'><strong>in</strong></span> <span class='ocrx_word' id='word_1_346' title='bbox 1146 4021 1193 4056; x_wconf 85' lang='lat' dir='ltr'><strong>mu.</strong></span> <span class='ocrx_word' id='word_1_347' title='bbox 1212 4003 1315 4054; x_wconf 76' lang='lat' dir='ltr'><em>AEFP</em></span> 
     </span>
     <span class='ocr_line' id='line_1_41' title="bbox 314 4065 1349 4138; baseline 0 -14"><span class='ocrx_word' id='word_1_348' title='bbox 314 4091 395 4124; x_wconf 81' lang='lat' dir='ltr'><strong>uacus</strong></span> <span class='ocrx_word' id='word_1_349' title='bbox 409 4065 501 4123; x_wconf 84' lang='lat' dir='ltr'><strong>‘manu</strong></span> <span class='ocrx_word' id='word_1_350' title='bbox 513 4069 617 4138; x_wconf 72' lang='lat' dir='ltr'><strong>scripti&#39;</strong></span> <span class='ocrx_word' id='word_1_351' title='bbox 639 4077 791 4128; x_wconf 85' lang='lat' dir='ltr'><strong>Bourdeloti</strong></span> <span class='ocrx_word' id='word_1_352' title='bbox 884 4079 914 4126; x_wconf 87' lang='grc'><strong>16</strong></span> <span class='ocrx_word' id='word_1_353' title='bbox 934 4077 1032 4126; x_wconf 86' lang='lat' dir='ltr'><strong>esculos</strong></span> <span class='ocrx_word' id='word_1_354' title='bbox 1051 4073 1075 4126; x_wconf 74' lang='lat' dir='ltr'><em>G</em></span> <span class='ocrx_word' id='word_1_355' title='bbox 1182 4091 1239 4125; x_wconf 90' lang='lat' dir='ltr'><strong>suos</strong></span> <span class='ocrx_word' id='word_1_356' title='bbox 1259 4091 1305 4128; x_wconf 84' lang='lat' dir='ltr'><strong>orn.</strong></span> <span class='ocrx_word' id='word_1_357' title='bbox 1319 4073 1349 4124; x_wconf 91' lang='lat' dir='ltr'><em>F</em></span> 
     </span>
     <span class='ocr_line' id='line_1_42' title="bbox 315 4144 1424 4213; baseline 0.002 -17"><span class='ocrx_word' id='word_1_358' title='bbox 315 4144 559 4209; x_wconf 86' lang='lat' dir='ltr'><strong>conceptissimisque</strong></span> <span class='ocrx_word' id='word_1_359' title='bbox 577 4145 663 4210; x_wconf 87' lang='lat' dir='ltr'><strong>BPpt.</strong></span> <span class='ocrx_word' id='word_1_360' title='bbox 700 4148 732 4212; x_wconf 88' lang='lat' dir='ltr'><strong>cf.</strong></span> <span class='ocrx_word' id='word_1_361' title='bbox 747 4165 777 4212; x_wconf 89' lang='lat' dir='ltr'><strong>p.</strong></span> <span class='ocrx_word' id='word_1_362' title='bbox 792 4150 851 4213; x_wconf 82' lang='grc'>143,</span> <span class='ocrx_word' id='word_1_363' title='bbox 873 4149 919 4197; x_wconf 84' lang='lat'><strong>18:</strong></span> <span class='ocrx_word' id='word_1_364' title='bbox 945 4147 1119 4212; x_wconf 87' lang='lat' dir='ltr'><strong>conceptisque</strong></span> <span class='ocrx_word' id='word_1_365' title='bbox 1138 4147 1214 4198; x_wconf 84' lang='lat' dir='ltr'><strong>ceteri</strong></span> <span class='ocrx_word' id='word_1_366' title='bbox 1339 4150 1424 4198; x_wconf 85' lang='lat' dir='ltr'><strong>uerbis</strong></span> 
     </span>
     <span class='ocr_line' id='line_1_43' title="bbox 315 4215 1424 4283; baseline -0.002 -14"><span class='ocrx_word' id='word_1_367' title='bbox 315 4218 406 4269; x_wconf 79' lang='lat' dir='ltr'><strong>iurauit</strong></span> <span class='ocrx_word' id='word_1_368' title='bbox 422 4215 557 4270; x_wconf 87' lang='lat' dir='ltr'><strong>inuertitt</strong></span> <span class='ocrx_word' id='word_1_369' title='bbox 662 4218 707 4267; x_wconf 83' lang='lat' dir='ltr'><strong>sibi</strong></span> <span class='ocrx_word' id='word_1_370' title='bbox 726 4221 828 4270; x_wconf 81' lang='lat' dir='ltr'><strong>abscilto</strong></span> <span class='ocrx_word' id='word_1_371' title='bbox 847 4218 877 4269; x_wconf 89' lang='lat' dir='ltr'><em>F</em></span> <span class='ocrx_word' id='word_1_372' title='bbox 982 4222 1013 4268; x_wconf 84' lang='grc'><strong>17</strong></span> <span class='ocrx_word' id='word_1_373' title='bbox 1033 4219 1125 4268; x_wconf 83' lang='lat' dir='ltr'><strong>lectam</strong></span> <span class='ocrx_word' id='word_1_374' title='bbox 1162 4239 1177 4267; x_wconf 66' lang='lat' dir='ltr'><strong>a</strong></span> <span class='ocrx_word' id='word_1_375' title='bbox 1215 4218 1345 4283; x_wconf 77' lang='lat' dir='ltr'><strong>positoque</strong></span> <span class='ocrx_word' id='word_1_376' title='bbox 1359 4217 1424 4283; x_wconf 74' lang='lat' dir='ltr'><strong>Lpt.</strong></span> 
     </span>
    </p>
   </div>
   <div class='ocr_carea' id='block_1_9' title="bbox 0 0 1549 4956">
    <p class='ocr_par' dir='ltr' id='par_1_16' title="bbox 0 0 1549 4956">
     <span class='ocr_line' id='line_1_44' title="bbox 0 0 1549 4956; baseline 0 0"><span class='ocrx_word' id='word_1_377' title='bbox 0 0 1549 4956; x_wconf 95' lang='lat' dir='ltr'><strong> </strong></span> 
     </span>
    </p>
   </div>
  </div>
 </body>
</html>
