3008 4962
1136 457 1230 499 XXXVI!

118 591 244 652 librarii
261 589 385 651 rusellat
402 591 593 651 aestimandos
612 609 669 651 esse
687 601 769 671 otqm
784 590 961 671 permultum
981 590 1079 651 ualere
1098 591 1231 670 pluriam

119 717 307 772 consensum,
323 701 476 772 minimum
492 699 694 760 dissensionem
709 697 901 777 sinpuloram,
917 700 1016 760 deinde
1031 703 1162 762 variasse
1177 699 1231 759 Pe-

119 811 253 869 tronium
278 807 463 868 urbanarum
488 806 636 868 bominum
662 818 688 868 et
713 811 890 868 rusticorum
916 811 1076 867 arationem
1103 817 1129 869 ct
1146 826 1231 887 posse

123 915 348 976 Trimalciaacm
373 923 432 976 tum
453 917 492 976 iai
517 934 601 994 quam
628 935 678 974 vos
700 915 787 986 estu,
813 933 873 975 non
890 933 976 994 posse
995 915 1154 994 Encolpion
1174 916 1229 974 int-

121 1025 352 1104 praesentiarum
376 1025 484 1092 dicere‚
517 1025 636 1103 deniqne
662 1025 863 1103 resapieudum
889 1041 947 1084 esse
973 1022 1009 1083 ab
1035 1027 1120 1083 cicani
1149 1034 1231 1103 atque

121 1133 239 1194 lubrica
266 1131 321 1192 illa
347 1135 549 1193 coniectatione
574 1136 623 1192 cui
646 1131 693 1191 oel
718 1130 855 1194 Heinsius
880 1135 928 1192 air
953 1135 1054 1212 optimi
1077 1131 1125 1192 uel
1148 1129 1231 1192 Reis-

120 1242 188 1302 lu'us
213 1244 262 1302 air
284 1243 404 1321 pessimi
426 1243 458 1300 ia
484 1239 538 1301 boo
558 1240 720 1301 litterarum
741 1251 826 1318 parte
846 1240 972 1320 emempli
989 1243 1111 1300 uirm'um
1131 1239 1229 1300 indul-

120 1359 230 1410 serunt.
277 1359 401 1409 aeterum
425 1366 484 1408 aaa
511 1348 611 1409 debere
626 1359 720 1409 »ratus
745 1351 852 1409 evitari
882 1351 1104 1410 inconstantiam
1132 1347 1229 1408 ortbo-

118 1457 276 1538 prapbiae,
304 1476 368 1518 cum
393 1457 480 1537 facile
499 1468 568 1518 esset
588 1456 736 1535 aeprcalem
756 1457 812 1518 sibi
830 1475 894 1518 eam
915 1458 1035 1518 reddere
1055 1468 1080 1518 et
1100 1457 1138 1517 od
1156 1475 1228 1516 uor-

119 1585 201 1628 mum
227 1576 478 1627 monumentorum
505 1565 658 1636 directam,
685 1583 721 1624 ue
747 1584 838 1644 supra
864 1567 982 1626 modum
999 1565 1087 1626 moles
1107 1566 1230 1626 adnota-

118 1678 208 1737 tiortis
224 1685 373 1744 cresceret,
394 1676 558 1754 enprimere
578 1691 628 1753 epo
650 1673 777 1733 solebam
792 1672 974 1747 berneusem,
991 1677 1021 1734 iu
1034 1677 1074 1735 cis
1088 1677 1230 1754 excerptis

119 1802 195 1864 quae
216 1783 318 1844 liuou
339 1787 463 1844 continet
483 1781 658 1853 leideasem‚
684 1785 714 1841 in
734 1799 804 1841 cena
826 1780 1027 1843 Trimalcionis
1052 1783 1230 1842 moderatim

120 1911 210 1972 parum
238 1902 271 1952 ut
294 1891 403 1970 prober
428 1889 574 1969 plerisque
603 1885 832 1968 Trapuriensem.
876 1888 1028 1950 Petronius
1054 1878 1130 1950 euim
1159 1908 1228 1950 cero

116 2009 212 2081 potest
236 2000 350 2079 paidom
365 2001 590 2078 pronuntiantes
608 1999 709 2078 secisse
730 1999 1046 2059 rusticostbrissuius
1067 2008 1092 2060 et
1111 1998 1180 2058 abiit
1200 2006 1230 2059 at

119 2109 221 2187 plures
242 2119 269 2170 et
287 2107 367 2188 quod
386 2124 481 2168 annas
502 2117 528 2168 et
551 2125 662 2166 suemus
682 2117 708 2167 et
723 2106 837 2168 Orcbus
859 2117 885 2168 et
903 2106 1020 2167 dissileo
1041 2106 1187 2167 eiberhox
1204 2118 1231 2168 et

118 2217 229 2278 similia
249 2215 347 2297 qualia
366 2219 397 2277 in
417 2215 655 2295 inscriptionibus
669 2214 751 2294 vulpi
764 2217 831 2277 inde
846 2215 881 2276 ob
899 2214 1042 2294 dapastcc
1057 2226 1145 2277 aetate
1161 2233 1227 2276 sea·

119 2336 204 2388 casta
230 2334 410 2404 compareat,
437 2324 485 2386 sed
506 2342 571 2385 cum
586 2321 723 2402 Encolpio
744 2342 852 2404 quoque
872 2323 1013 2384 librarius
1034 2325 1230 2403 adsipnaaerit

118 2433 300 2495 Gauimedes-
311 2443 338 2493 et
349 2431 442 2492 circha
456 2442 482 2493 et
491 2430 595 2493 fasceis
609 2430 722 2511 aliaque
734 2431 769 2492 ab
786 2431 901 2493 urbano
919 2450 1049 2492 sermone
1066 2432 1228 2494 abborrere-

117 2544 175 2618 tia‚
196 2544 259 2621 puis
278 2540 351 2602 talia
366 2559 384 2602 o
399 2539 533 2602 Petronio
546 2543 642 2619 patim
657 2558 744 2619 aream
759 2558 778 2599 a
791 2539 871 2600 mala
886 2539 1043 2600 eloacu'oac
1058 2543 1229 2619 insequentis

118 2652 188 2710 acui
196 2651 331 2730 prosecta
344 2667 402 2710 esse
418 2645 569 2729 affirmet?
585 2648 800 2724 igumenonem
817 2659 911 2710 autem
924 2651 1060 2727 quoniam
1071 2666 1107 2708 ue
1117 2658 1228 2709 tautum

118 2759 234 2838 quidun
245 2757 331 2837 limus
341 2756 508 2818 Petronium
523 2755 649 2816 scribere
663 2757 796 2834 potuisse,
812 2758 898 2815 etiam
913 2758 939 2815 si
951 2773 1010 2815 noa
1021 2764 1187 2835 perstarent
1197 2759 1229 2816 in

118 2865 174 2926 bac
200 2868 346 2944 scriptura
361 2863 452 2937 AFH,
474 2875 569 2925 tamen
583 2880 783 2942 rasqaepuapue
799 2862 898 2924 deberi
921 2863 1054 2925 librariis
1076 2866 1226 2926 contende-

118 2993 193 3035 rem.
237 2975 380 3036 editorum
408 2972 621 3053 enemplarinm
647 2981 695 3051 pst
724 2971 978 3052 ortbapropbicom
1005 2975 1228 3054 discrepantiam

114 3101 244 3162 proruas
258 3085 351 3143 omisi.

205 3190 349 3252 Editiones
363 3188 494 3251 Petronii
509 3192 624 3269 primas
643 3207 732 3269 aeque
753 3192 853 3250 iuveni
864 3192 896 3249 in
910 3192 950 3250 eis
965 3189 1140 3252 bibliothecis
1154 3210 1228 3270 qua*

120 3315 189 3359 ram
208 3301 240 3359 ia
256 3307 394 3378 potestate
412 3316 476 3358 mea
491 3316 561 3358 casus
576 3308 640 3358 erat
654 3316 743 3377 neque
759 3301 902 3358 curiosius
917 3298 990 3360 alibi
1003 3301 1140 3378 inquisivi
1154 3301 1229 3378 quood

119 3425 180 3468 aon
194 3409 235 3469 ita
248 3405 333 3468 utiles
347 3405 420 3466 mibi
433 3403 607 3466 uidebantur
621 3424 688 3477 esse,
705 3406 794 3467 multo
810 3409 907 3466 monus
920 3409 1109 3475 necessariae,
1125 3417 1151 3467 et
1161 3410 1225 3466 ino-

115 3519 169 3595 pio
184 3514 306 3576 illarum
321 3514 435 3575 abunde
450 3523 653 3592 compausatur
668 3517 751 3593 copia
767 3515 942 3575 deteriorum
957 3531 1027 3592 quos
1043 3513 1161 3574 collatos
1172 3513 1225 3573 ba-

119 3623 172 3684 bui
198 3623 336 3684 codicum.
363 3623 533 3702 possederat
558 3613 704 3683 ‘Petronii
726 3623 824 3701 festivi
845 3631 945 3700 poetae
971 3620 1227 3702 elepantissimique

118 3731 298 3811 Satyrorum
313 3749 385 3810 quas
400 3728 543 3791 Varronis
553 3747 634 3791 mare
649 3733 765 3810 scripsit
774 3731 972 3810 frapmeutnm
983 3748 1072 3791 uorsa
1083 3741 1109 3791 et
1116 3750 1227 3810 prorsa

118 3843 252 3901 oratione
266 3843 405 3919 scriptam
416 3857 467 3900 suo
480 3842 512 3898 in
524 3831 671 3899 armario’
682 3837 808 3899 Iouuues
819 3838 948 3920 Baptista
960 3837 1036 3900 Pius.
1064 3839 1227 3918 publicasse

116 3951 234 4028 prunus
244 3949 342 4027 fertur
356 3937 564 4027 ‘frapmeutum
576 3946 706 4008 Petronii
716 3945 830 4009 Arbitri
838 3950 955 4008 incuria
968 3958 1127 4027 temporum
1139 3967 1225 4009 man-

118 4075 186 4117 cum
204 4067 230 4116 et
251 4056 321 4116 adeo
342 4056 508 4116 mutilatum
528 4066 560 4116 ut
574 4059 627 4116 aiu
643 4058 775 4134 capnosei
784 4047 888 4135 possit’
903 4054 1076 4118 Franciscus
1091 4055 1226 4118 Ptetmla-

116 4183 174 4226 nus
193 4183 255 4224 uua
275 4182 339 4224 cam
358 4162 449 4224 Plinii
469 4163 650 4243 aliorumque
667 4167 853 4243 paneppricis
868 4175 893 4224 et
909 4162 1043 4242 Apricola
1061 4163 1150 4224 Taciti
1161 4162 1224 4223 Me·
1311 4227 1314 4234 ,

118 4271 233 4334 diolaui
247 4290 324 4333 anno
337 4268 421 4332 1476
436 4282 486 4331 aut
498 4268 591 4331 1482.
618 4275 649 4331 iu
662 4275 804 4352 principis
819 4271 880 4332 loco
896 4272 1027 4332 editionis
1040 4271 1226 4331 burmannus
