3022 4956
604 429 747 484 SATlllAll
1188 431 1228 493 57

80 595 104 644 H
119 576 260 646 terisset.'
289 591 318 646 at
337 603 400 647 non
419 588 460 646 itu
480 585 670 661 Trimalchio,
693 585 743 667 qui
762 585 887 647 relaxato
906 586 937 646 in
957 584 1130 647 hilaritatem
1149 585 1229 646 vultu

115 673 214 760 ‘ergo'
229 683 322 762 inquit
333 676 412 763 ‘quia
427 692 487 745 tarn
503 685 596 745 malae
610 685 771 746 memoriae
787 704 828 758 eS,
843 685 938 764 palam
953 683 1040 744 nobis
1054 683 1135 744 illum
1147 683 1229 745 exin-

118 773 205 842 tera?
233 789 348 860 recepta
364 800 453 843 cocus
469 783 566 844 tunica
583 783 705 844 cultrum
723 782 845 861 arripuit
859 783 1000 862 porcique
1014 790 1145 843 ventrem
1161 782 1231 845 hinc

117 888 209 960 atque
224 880 301 941 illino
314 881 415 942 timida
431 899 521 942 manu
537 881 638 942 secuit.
669 899 724 941 nec
734 899 826 952 mora,
843 900 876 942 ex
889 881 981 960 plagis
993 880 1133 959 ponderis
1145 881 1229 942 ineli-

86 996 100 1044 5
119 980 243 1040 natione
259 978 455 1041 crescentibus
470 980 615 1041 tomacula
631 997 698 1040 oum
713 979 820 1040 botulis
836 981 925 1042 ellusa
942 986 1020 1040 sunt.
1176 1045 1179 1052 ,

206 1078 342 1158 plausum
362 1084 432 1156 post
450 1078 508 1138 hoo
526 1085 708 1139 automatum
727 1079 834 1139 familia
857 1078 935 1140 dedit
955 1084 985 1138 et
994 1069 1078 1137 ‘Gaio
1093 1069 1229 1139 feliciter'
1244 1082 1284 1143 50

117 1176 322 1238 conclamavit.
345 1193 399 1235 nec
414 1193 475 1234 non
488 1194 576 1236 cocus
589 1177 710 1255 potione
722 1178 884 1238 honoratus
896 1183 950 1250 est,
963 1176 1049 1237 etiam
1062 1183 1230 1255 argenteam

117 1293 265 1349 coronam
281 1274 478 1354 poculumque
493 1273 523 1334 in
539 1273 621 1335 lance
637 1275 747 1354 accepit
763 1275 921 1337 Corinthia.
953 1275 1049 1348 Quam
1071 1293 1138 1336 cum
1152 1275 1230 1354 Aga·

118 1390 263 1434 memnon
279 1371 402 1452 propius
418 1373 625 1447 considerem,
642 1374 681 1436 ait
695 1374 886 1436 Trimalchio:
906 1364 999 1435 ‘solus
1015 1393 1081 1436 sum
1098 1359 1230 1452 qui'rera

71 1487 99 1535 10
118 1471 281 1533 Corinthea
300 1461 441 1531 habeam.³
472 1471 672 1550 expectabam,
693 1479 726 1533 ut
743 1490 798 1551 pro
819 1471 928 1552 reliqua
949 1472 1102 1535 insolentia
1123 1471 1232 1534 diceret

116 1570 173 1632 sibi
191 1588 261 1630 vasa
274 1569 413 1631 Corintho
429 1570 535 1630 afferri.
563 1570 614 1630 sed
629 1569 675 1630 ille
689 1570 793 1631 melius
804 1562 851 1630 tet
864 1563 1004 1632 forsitan'
1020 1570 1114 1651 inquit
1124 1563 1229 1651 ‘quae-

115 1669 157 1730 ris
181 1686 275 1747 quare
296 1669 376 1728 solus
393 1667 549 1729 Corinthea
565 1686 630 1729 vera
648 1669 829 1747 possideam:
851 1669 917 1748 quia
933 1668 1044 1730 scilicet
1058 1668 1197 1743 aerarius,
1213 1688 1229 1730 a

116 1786 175 1846 quo
195 1785 272 1840 emo,
288 1767 444 1827 Corinthus
461 1772 588 1826 vocatur.
620 1767 689 1846 quid
705 1774 750 1828 est
764 1775 859 1828 autem
876 1765 1074 1840 Corintheum,
1090 1767 1148 1828 nisi
1163 1767 1229 1846 quis

116 1865 295 1925 Corinthum
308 1862 434 1926 haheat?
457 1872 486 1925 et
497 1883 533 1924 ne
546 1883 593 1925 me
605 1866 712 1944 putetis
725 1865 878 1944 nesapium
890 1883 964 1938 esse,
980 1864 1061 1926 valde
1072 1865 1146 1927 bene
1158 1865 1229 1940 scio,

71 1981 99 2030 15
117 1965 201 2026 unde
215 1964 344 2042 primum
361 1963 518 2024 Corinthea
533 1971 600 2024 nata
621 1964 688 2024 sint.
720 1983 786 2026 curn
802 1963 885 2025 Ilium
903 1970 1019 2043 captum
1042 1970 1099 2035 est,
1116 1963 1229 2025 llanni-

115 2063 178 2135 bal,
204 2061 294 2122 homo
316 2060 394 2122 valer
416 2067 444 2120 et
459 2078 583 2138 maguus
599 2062 697 2137 stelio,
720 2081 823 2124 omnes
839 2069 949 2124 statuas
965 2080 1069 2124 aeneas
1084 2070 1113 2124 et
1127 2082 1228 2126 aureas

117 2167 145 2221 et
161 2165 318 2236 argenteas
335 2159 365 2218 in
380 2176 473 2219 unum
488 2177 595 2238 rogum
617 2161 766 2238 congessit
780 2168 808 2222 et
823 2179 871 2221 eas
887 2160 1030 2236 incendit3
1050 2163 1140 2224 factae
1159 2164 1229 2225 sunt

116 2259 147 2320 in
167 2275 264 2320 unum
287 2275 353 2318 aera
371 2256 565 2320 miscellanea.
598 2257 637 2318 ita
657 2277 690 2318 ex
711 2258 765 2318 hac
784 2277 881 2320 massa
903 2260 979 2321 fabri
999 2260 1182 2322 sustulerunt
1201 2268 1230 2324 et

115 2360 252 2420 fecerunt
267 2355 358 2416 catilla
373 2361 403 2414 et
416 2353 586 2434 parapsides
602 2365 629 2416 et
644 2357 815 2417 statuncula.
845 2357 889 2420 sic
900 2359 1054 2420 Corinthea
1069 2367 1136 2421 nata
1151 2368 1228 2434 sunt,

70 2474 100 2524 20
118 2477 153 2519 ex
169 2454 310 2517 omnibus
326 2454 477 2527 inunum,
498 2470 551 2514 nec
566 2454 623 2514 hoc
638 2473 691 2515 nec
707 2455 784 2516 illud.
814 2455 971 2534 ignoscetis
987 2457 1072 2529 mihi,
1090 2458 1168 2536 quod
1183 2458 1229 2518 di·

116 2573 204 2616 xero:
226 2573 279 2634 ego
299 2552 375 2614 malo
396 2552 467 2613 mihi
482 2551 582 2627 vitrea,
598 2559 674 2614 certe
693 2571 756 2614 uon
773 2553 864 2614 olunt.
895 2553 974 2632 quod
996 2552 1021 2613 si
1035 2570 1096 2614 non
1111 2555 1228 2635 frange-

193 2816 206 2861 1
226 2813 261 2861 ita
280 2811 381 2862 addidi.
418 2827 469 2860 non
481 2812 634 2862 Trimalchio
648 2811 710 2874 [tam
723 2811 827 2862 erudelis
841 2817 893 2860 erat
906 2812 959 2876 sed]
973 2813 1083 2861 relaxato
1091 2811 1231 2876 proposuit

123 2884 323 2947 Wehliusp.24
411 2883 583 2933 ilaritatemH
673 2884 687 2933 5
707 2884 845 2932 thumatula
858 2881 892 2932 H
969 2885 1059 2933 botulis
1072 2881 1230 2948 Schefferus:

116 2958 226 3006 bctnhus
245 2954 281 3007 H.
309 2956 341 3021 cf.
355 2954 468 3005 Ismenes
480 2953 584 3008 Soresb.
598 2953 634 3003 ud
647 2971 702 3019 cap.
714 2957 748 3004 40
761 2954 865 3004 adlatam
960 2958 974 3004 6
988 2957 1141 3004 automation
1153 2956 1230 3007 mole·

117 3027 161 3076 but
173 3023 299 3076 Heinsius
391 3031 404 3076 7
418 3029 531 3090 portione
544 3026 600 3075 Ino.
613 3025 761 3077 Grononius
849 3028 987 3077 honoratus
1000 3025 1157 3091 Schefferus:
1171 3044 1230 3078 one-

116 3108 186 3148 ratus
199 3097 233 3146 H
312 3105 456 3162 argenteam
468 3113 587 3147 coronam
599 3097 699 3161 scripsi,
713 3098 772 3148 item
787 3097 897 3148 Weta'os
905 3116 935 3163 p.
946 3101 993 3148 24:
1006 3105 1125 3162 argentea
1137 3113 1230 3150 corona

117 3171 151 3220 H
159 3169 233 3235 quod
245 3177 275 3219 nt
285 3177 436 3220 seruaretur
450 3175 474 3218 et
481 3186 532 3234 pro
545 3171 619 3218 etiam
632 3169 794 3219 scribendum
807 3178 864 3218 erut
951 3172 966 3220 8
980 3185 1120 3234 agamenon
1130 3169 1164 3219 H

120 3245 151 3290 10
174 3243 311 3291 Corinthea
322 3239 414 3305 foranu
432 3241 508 3290 ctiam
526 3239 558 3290 ud
577 3239 682 3290 Isidoro
700 3242 764 3306 erip.
773 3241 803 3290 X
806 3241 848 3290 VI
857 3243 900 3304 20,
914 3245 931 3289 4
943 3249 1049 3292 sensata
1060 3249 1097 3290 est
1108 3241 1155 3304 qni
1167 3241 1230 3292 baec

117 3313 178 3362 hinc
202 3312 351 3376 exscripsit:
376 3327 435 3361 nam
459 3314 517 3361 dum
542 3314 609 3362 hane
634 3313 758 3362 ciuitatem
779 3312 955 3378 (Corinthum)
974 3313 1097 3362 Hannibal
1115 3313 1228 3378 cepisset,

118 3399 207 3433 ornnes
232 3391 324 3433 statues
348 3399 438 3434 aeneas
462 3391 486 3432 et
510 3399 597 3434 aureas
622 3391 646 3432 et
665 3393 795 3448 argenteas
813 3386 838 3432 in
857 3399 934 3432 unum
953 3398 1042 3447 rogum
1061 3384 1186 3444 congessit
1204 3393 1229 3432 et

118 3472 160 3505 eas
179 3457 296 3505 incendit.
333 3456 368 3504 ita
387 3470 419 3505 ex
437 3459 485 3504 hae
504 3456 681 3505 commixtione
701 3456 763 3504 fabri
782 3457 932 3504 sustulerunt
950 3461 974 3504 et
993 3455 1104 3503 fecerunt
1118 3455 1229 3518 parapsi-

117 3529 170 3580 des.
200 3528 236 3575 sic
255 3526 389 3576 Corinthea
407 3534 467 3576 nata
485 3535 550 3588 sunt,
569 3542 601 3576 ex
620 3527 733 3575 omnibus
751 3527 776 3575 in
795 3541 880 3587 unum,
900 3540 948 3574 nec
965 3526 1016 3574 hoc
1034 3539 1080 3573 nee
1098 3525 1157 3573 illud

119 3600 150 3647 11
173 3599 289 3661 quaeritis
305 3597 415 3648 Weltlius
423 3614 453 3662 p.
462 3601 505 3648 28.
532 3596 685 3662 adloquitur
697 3598 910 3662 Aqmnemnouem
921 3596 1019 3645 lmrcsrn
1032 3595 1158 3645 curiosius
1171 3611 1229 3646 con·

118 3669 276 3719 siderantem
394 3672 425 3718 12
437 3668 552 3734 fortusse
572 3685 631 3718 nera
651 3669 786 3720 Corinthea
805 3667 1025 3733 transponendum
1135 3670 1167 3716 14
1180 3684 1228 3733 po-

118 3741 170 3790 tius
195 3747 240 3790 set.
277 3740 393 3791 similiter
417 3750 443 3790 at
461 3739 594 3791 Iacobsa'us
736 3756 858 3804 nesapum
882 3739 1022 3790 secundum
1048 3739 1230 3790 Terentianum

118 3810 252 3862 Scaurum
265 3829 295 3877 p.
309 3815 376 3862 2251
397 3811 427 3862 Ρ.
447 3811 575 3863 Studerus
590 3829 620 3877 p.
635 3815 668 3862 17
801 3813 832 3861 15
852 3813 934 3861 anihal
952 3810 986 3861 H
1108 3814 1139 3861 16
1159 3814 1228 3862 stelio

118 3883 258 3933 Heinsius:
277 3885 350 3934 scelio
369 3883 406 3933 H·
443 3886 536 3934 scelere
555 3883 692 3933 Reinesins
821 3886 850 3932 17
873 3885 938 3933 facta
956 3882 1108 3934 Antoniana

121 3957 154 4004 18
173 3956 328 4004 museillanie
345 3955 376 4004 H
513 3957 544 4006 19
563 3957 707 4019 paropsides
726 3954 762 4016 H,
781 3953 883 4004 Isidori
901 3954 981 4005 codex
999 3954 1087 4004 nullus

120 4033 145 4074 et
163 4025 271 4076 addidit
286 4024 432 4091 Schefferus
570 4028 722 4076 statunculus
740 4024 894 4090 Schefferus.
931 4027 1048 4078 neutrius
1064 4026 1167 4092 pencris
1185 4025 1229 4078 de·

119 4097 275 4147 minutiuum
293 4099 408 4164 upumcit
425 4098 545 4149 Donatus
564 4098 629 4148 artis
646 4115 687 4163 pr.
700 4096 773 4161 114,
793 4100 809 4148 3
817 4115 848 4164 p.
863 4102 932 4149 1747
945 4098 977 4152 P.
1007 4098 1149 4148 secundum
1162 4096 1230 4148 Sun-

121 4169 253 4218 teniununa
270 4169 363 4220 libonem
501 4172 534 4219 20
554 4171 619 4232 quod
638 4167 809 4220 Muuclcerus:
828 4172 886 4235 quid
903 4170 939 4222 H.
976 4172 1018 4235 qui
1036 4168 1190 4234 Scheffeaus,
1209 4170 1230 4223 si

121 4242 220 4308 quidem
240 4239 347 4295 Goulos
490 4249 555 4296 certe
573 4257 625 4294 non
644 4243 713 4292 olunt
732 4240 841 4313 conieci,
864 4242 924 4296 icen
941 4250 1007 4294 certe
1026 4257 1077 4296 non
1096 4243 1163 4296 olent
1181 4237 1229 4292 nd·
