3022 4956
329 469 389 538 lto
799 467 956 523 remonn

270 632 311 694 96
327 626 380 689 sed
395 625 441 688 ille
456 625 628 688 candelabro
649 643 680 686 se
695 624 731 687 ab
747 626 827 687 omni
842 625 972 706 periculo
987 623 1160 685 vindicabat.
1191 621 1354 683 videbamus
1367 637 1414 680 nos
1428 627 1457 676 lo

329 725 426 786 omnia
442 743 496 804 per
510 725 644 786 foramen
657 724 760 796 valvae,
776 725 855 804 quod
869 723 956 803 paulo
972 730 1039 784 ante
1054 741 1125 784 ansa
1140 721 1241 783 ostioli
1256 728 1338 799 rupta
1351 717 1417 778 lara-

325 831 420 896 verat‚
440 823 631 903 favebamque
650 841 704 902 ego
719 821 873 903 vapulanti.
903 822 992 883 Giton
1007 829 1177 883 autemnon
1194 819 1302 880 oblitus
1318 815 1418 878 miseri-

326 923 442 984 cordiae
458 941 529 984 suae
543 921 734 984 reserandum
747 937 813 980 esse
829 919 938 981 ostium
954 920 1249 999 succurrendumque
1263 912 1418 998 periclitanti

326 1021 470 1083 censebat.
491 1038 546 1098 ego
555 1020 678 1081 durante
690 1019 786 1081 adbuc
796 1018 944 1082 iracundia
955 1037 1016 1080 nou
1028 1018 1160 1080 continui
1172 1035 1305 1090 manum,
1318 1013 1365 1075 sed
1376 1031 1416 1072 ca-
1430 1019 1441 1066 5

326 1128 380 1201 put
390 1119 556 1182 miserantis
569 1118 671 1180 stricto
684 1125 828 1198 acutoque
840 1117 961 1180 articulo
973 1117 1115 1197 percussi.
1133 1126 1162 1178 et
1173 1117 1223 1178 ille
1232 1114 1346 1195 quidem
1356 1112 1417 1171 flans

326 1219 459 1281 consedit
478 1219 508 1280 in
527 1218 612 1279 lecto.
643 1235 697 1295 ego
717 1223 814 1278 autem
830 1219 958 1279 alternos
975 1215 1163 1296 opponebam
1179 1212 1317 1274 foramini
1331 1209 1417 1270 oculos

325 1316 488 1396 iniuriaque
505 1313 640 1392 Eumolpi
656 1309 668 1397 ll
684 1314 761 1376 velut
780 1315 908 1394 quodam
930 1315 993 1377 cibo
1009 1334 1057 1375 me
1073 1313 1223 1392 replebam
1240 1309 1252 1392 li
1269 1306 1416 1372 advocatio·
1428 1277 1458 1394 ἐρ

325 1432 451 1493 nemque
462 1409 716 1483 commendabam,
733 1431 799 1474 oum
811 1419 987 1492 procurator
997 1411 1109 1472 insulae
1120 1411 1260 1491 Rargates
1274 1431 1289 1471 a
1302 1426 1366 1470 cena
1376 1424 1417 1465 er·

325 1513 429 1573 citatus
457 1530 474 1572 a
495 1510 609 1573 duobus
628 1509 779 1571 lecticariis
801 1509 831 1570 in
847 1511 973 1572 mediam
993 1511 1086 1573 rixam
1106 1510 1270 1590 profertum
1291 1525 1353 1568 nam
1367 1509 1416 1563 erat
1430 1505 1451 1554 1⁰

325 1609 411 1670 etiam
427 1606 552 1688 pedibus
567 1627 662 1688 aeger.
692 1609 717 1670 is
738 1615 770 1668 ut
784 1607 899 1670 rabiosa
914 1609 1095 1687 barbaraque
1110 1627 1182 1670 voce
1198 1609 1229 1669 in
1245 1608 1340 1668 ebrios
1353 1602 1418 1680 fugi-

325 1709 459 1786 tivosque
474 1708 523 1770 diu
539 1706 694 1790 peroravit,
709 1705 871 1784 respiciens
886 1706 922 1767 ad
937 1707 1105 1786 Eumolpon
1117 1696 1147 1766 ‘o
1160 1695 1325 1787 poetarum'
1338 1699 1416 1778 inquit

321 1800 537 1882 ‘disertissima
552 1814 585 1868 tu
600 1801 687 1867 eras?
702 1812 731 1866 et
745 1821 807 1865 non
823 1804 978 1866 discedunt
993 1805 1075 1866 ocius
1091 1803 1267 1886 nequissimi
1282 1803 1352 1865 servi
1365 1817 1416 1859 ma-

326 1924 441 1986 nusque
456 1906 607 1968 continent
622 1921 637 1964 a
653 1892 750 1964 rixaf'

401 2117 412 2160 l
433 2127 459 2161 se
478 2128 525 2165 arn.
544 2110 630 2174 Anu
644 2119 705 2176 poet
722 2113 790 2162 omni
809 2113 934 2164 collocant
950 2121 974 2162 et
1092 2115 1243 2166 defendebat
1256 2128 1307 2178 pro
1325 2107 1413 2157 uindica-

326 2183 368 2231 boc
387 2181 476 2231 Anna
589 2185 697 2234 Enalne
711 2183 740 2232 F
854 2187 937 2249 paullo
957 2184 982 2233 L
1107 2195 1165 2236 ante
1181 2179 1247 2238 ‘nora
1265 2189 1333 2234 catat
1348 2179 1372 2227 r‘n
1386 2173 1412 2224 al.
1485 2185 1486 2190 ’

326 2270 352 2302 u.
373 2245 401 2304 a’
421 2251 547 2318 rraarqob
646 2271 721 2304 eausa
742 2254 769 2319 0,
788 2258 858 2306 ansia
876 2254 922 2306 aad
940 2272 951 2304 s
971 2273 988 2304 a
1007 2264 1147 2306 correctore
1168 2258 1193 2307 G
1283 2250 1373 2304 hostioli
1388 2246 1412 2303 P.
1485 2307 1486 2312 ,

327 2325 405 2373 ostioli
425 2323 486 2387 An,
506 2325 616 2392 ostiariili
635 2325 663 2388 0,
682 2329 761 2376 astieli
778 2335 903 2377 neutonam
921 2327 949 2376 in
966 2329 1063 2376 hostiali
1077 2328 1108 2391 G,
1127 2331 1229 2380 bestiali
1243 2326 1301 2389 EF,
1321 2318 1412 2372 hostialia

321 2394 446 2460 princepe
464 2395 550 2459 editio,
569 2397 645 2446 hostii
663 2399 797 2463 disruptas
887 2402 1033 2448 iurauerant
1045 2399 1159 2463 Anna,
1178 2392 1359 2450 laxauerantF

328 2470 342 2515 3
363 2467 525 2530 dicebamque
545 2483 577 2517 ea
596 2469 761 2532 faciebantque
780 2486 845 2520 carr.
859 2469 888 2520 F
987 2485 1033 2534 ego
1054 2487 1100 2523 ona.
1114 2471 1152 2531 P‚·
1172 2471 1245 2535 eoC,
1266 2464 1356 2532 argeti

326 2547 403 2604 gyton
423 2537 480 2603 GL,
499 2541 595 2606 gython
614 2539 639 2589 A
761 2544 778 2589 4
795 2543 939 2592 reseredum
958 2541 985 2590 P
1119 2557 1173 2592 esse
1192 2537 1359 2594 annania.-
1375 2546 1411 2580 on.

326 2609 420 2675 reliqui
518 2613 627 2661 hostium
640 2610 728 2661 AFPe
816 2615 918 2677 periculi
936 2611 1035 2662 tantiG
1126 2617 1245 2664 badhuc
1263 2607 1343 2662 ormi*

326 2680 483 2731 contumiiF
551 2699 639 2732 manus
648 2681 760 2738 Aonas
833 2683 1136 2747 dqneant.AODEFGs
1209 2673 1411 2751 pressiLEGro·

326 2753 418 2804 uanius
508 2756 607 2825 quidem
619 2755 680 2804 flens
692 2753 728 2803 A:
747 2755 808 2804 flens
821 2756 921 2818 quidem
933 2755 1010 2805 ceteri
1016 2773 1025 2815 ;
1044 2763 1068 2804 et
1079 2757 1140 2806 dena
1152 2758 1193 2806 ille
1206 2758 1307 2822 quidem
1319 2748 1345 2800 F

328 2823 526 2873 lcumseditP
611 2827 703 2874 lectum
714 2841 740 2877 u.
753 2842 773 2878 a.
784 2825 892 2876 Danaae
981 2827 1186 2878 alternabant}
1276 2819 1412 2890 apponebam

326 2893 497 2944 Burmannus
621 2898 636 2944 8
656 2896 692 2946 eie
710 2896 838 2961 comparui
855 2897 948 2948 lunata
965 2897 995 2948 in
1013 2897 1084 2947 libris
1102 2899 1230 2950 membra:
1249 2897 1356 2950 iniuriam
1371 2888 1410 2936 Eu·

324 2966 402 3028 molpi
420 2965 657 3030 aduocationemque
675 2969 882 3018 commendabam
905 2985 962 3019 cum
980 2969 1030 3018 naei
1047 2969 1107 3020 libri
1119 2980 1231 3036 praeter
1243 2978 1278 3036 pt
1293 2964 1341 3016 nisi
1356 2952 1412 3024 qiud

325 3052 488 3114 iniuriamque
501 3049 563 3116 'LP‚
583 3037 717 3140 eumolpqu
735 3055 768 3120 A,
786 3057 910 3121 Eumolpo
929 3056 962 3107 de
980 3059 1128 3109 coniectura
1147 3057 1300 3120 Sambana,
1319 3059 1411 3103 commo·

326 3139 416 3187 dabam
434 3138 469 3202 P,
495 3129 675 3190 obmendabam
694 3158 710 3190 n
729 3159 746 3191 a
764 3159 822 3193 cum
840 3144 865 3195 L
888 3144 999 3210 praebet.
1034 3137 1074 3196 ‘in
1092 3145 1155 3196 bona
1174 3147 1229 3200 eod.
1250 3143 1356 3202 iniuriaq-
1373 3135 1411 3182 El·

325 3211 402 3274 molpi
424 3212 492 3260 uelut
514 3214 622 3275 quodam
645 3215 699 3262 ciba
724 3228 765 3264 me
788 3211 922 3280 replebam'
950 3233 1039 3283 marqa
1058 3217 1082 3266 L
1110 3234 1214 3283 eamque
1240 3217 1412 3280 complutam

228 3283 235 3297 ‘
326 3281 431 3332 Pilbaeo
453 3299 553 3348 quoque
576 3291 741 3334 memoratam
764 3287 880 3351 sequitur
903 3295 913 3337 t
935 3290 1011 3338 ueluti
1034 3288 1165 3342 scribone·
1191 3286 1326 3340 coniunxit
1345 3277 1384 3329 illo
1394 3287 1411 3353 Β

325 3354 372 3406 boc
394 3353 468 3407 modo
490 3357 653 3420 iniuriamque
675 3358 790 3421 Eumolpi
813 3360 1051 3423 arluocationemque
1076 3363 1283 3412 commendabam
1307 3363 1329 3406 et
1351 3350 1412 3423 uelut}

324 3429 432 3490 quodam
456 3429 511 3478 cibo
540 3444 580 3478 me
597 3429 723 3492 replebam
743 3444 807 3481 cum.
828 3439 971 3493 praeeunte
988 3431 1122 3482 Biclardo
1146 3434 1297 3497 iniuriaeque
1314 3419 1411 3478 uumoln

324 3501 513 3550 aduocationem
533 3501 724 3550 commodabam
736 3497 854 3566 Scaliqer
871 3501 982 3552 coniecit.
1014 3503 1125 3570 maligne
1138 3504 1279 3568 Macarius
1291 3502 1342 3566 iprae
1353 3503 1411 3542 recu·

324 3585 385 3618 rans
403 3570 526 3622 aduocati
544 3571 657 3636 rrffieium
670 3571 797 3636 Eumolpo
815 3571 1011 3623 aduocationem
1029 3575 1194 3639 commendat,
1214 3593 1268 3641 qua
1286 3587 1313 3623 re
1329 3568 1355 3616 iu
1366 3572 1410 3642 cap.

325 3643 359 3688 98
383 3643 541 3690 meritissima
557 3645 663 3706 proditio
682 3643 840 3708 illustratur,
865 3660 912 3694 nea
930 3660 991 3694 uero
1008 3663 1072 3711 nepo
1086 3662 1163 3710 posse
1172 3647 1256 3710 plura
1269 3633 1412 3696 intercidiliss

324 3710 395 3758 uelut
412 3711 531 3761 reseratis
546 3713 653 3776 foribus
671 3715 700 3765 in
717 3714 804 3766 limine
823 3715 900 3766 cellae
917 3724 1025 3767 stantem
1042 3717 1197 3782 Encolpium
1216 3719 1289 3769 clara
1306 3723 1360 3763 uoce
1380 3701 1410 3751 ln·

325 3778 409 3828 dibrio
431 3780 549 3831 babuuee
572 3785 748 3849 uapulantern.
791 3787 981 3837 aduocationem
1005 3793 1166 3840 commodare
1191 3799 1314 3856 tanquam
1335 3778 1411 3830 ortano

323 3858 451 3914 operator
467 3869 521 3903 nen
539 3862 596 3917 apte
614 3855 668 3906 dici
685 3856 792 3908 uidetur
810 3858 856 3922 qni
872 3858 975 3908 iniuria
993 3859 1100 3910 alteriue
1119 3861 1195 3910 simul
1210 3861 1351 3911 delectatne
1371 3843 1410 3909 ff

323 3929 398 3971 uerat
416 3921 541 3987 Eonwlpo
559 3939 581 3973 a
589 3927 722 3992 principio
746 3928 792 3980 aed
810 3929 892 3980 nimia
912 3929 1011 3980 Gitonis
1028 3931 1207 3982 ratberieordia
1224 3945 1314 3983 rursus
1331 3919 1409 3973 aderet·

323 4007 367 4042 rara
384 3992 457 4043 illurn
475 3995 643 4048 exacerbatus
661 4004 699 4049 eat
805 4004 819 4050 9
840 4003 988 4051 exercitatus
1009 4002 1033 4052 (i
1143 4007 1174 4054 10
1192 3991 1356 4055 lectuariisF

323 4065 411 4112 rissam
430 4063 462 4114 F.
496 4057 533 4118 ‘u.
553 4083 574 4120 a.
593 4084 691 4122 nexam.
709 4069 762 4136 leae
780 4087 881 4122 noxam.
901 4065 1005 4124 Aaron?
1025 4091 1114 4140 maroa
1132 4075 1158 4125 L
1302 4065 1408 4135 pr0fls⁶¹¹r
1485 4063 1486 4070 ἵ

324 4140 363 4185 A:
381 4136 504 4200 perfertur
521 4138 615 4202 reliqui
750 4146 780 4192 ll
801 4145 876 4194 etiam
894 4152 947 4194 erat
965 4147 1111 4208 transponit
1128 4147 1162 4200 A.
1198 4149 1248 4198 iam
1273 4137 1373 4195 chlt'w
1385 4142 1407 4191 f·

323 4211 359 4257 52
377 4207 475 4258 ebriane
492 4208 638 4281 intellegens
747 4217 778 4263 12
798 4217 895 4279 parauit
913 4214 943 4264 F
1046 4219 1178 4282 eumolpon
1194 4219 1231 4268 P:
1250 4217 1367 4278 emolpum
1384 4195 1409 4258 ‘b
1485 4229 1486 4278 q

323 4281 475 4347 Eumolpum
494 4281 570 4332 aeteri
658 4282 781 4347 inqnidP
871 4288 903 4336 13
917 4287 1110 4354 disertimimiC',
1129 4282 1337 4358 disertqasumef'
