3078 4956
321 450 381 513 190
788 446 944 500 ruruonu
1041 437 1043 441 '

318 604 389 666 bum
405 605 466 667 sola
482 623 548 666 sum
564 622 636 684 qnae
651 603 805 665 emendare
820 604 890 664 scio.
913 608 943 662 et
955 619 994 664 nc
1007 602 1171 681 meputetis
1183 601 1321 682 perplexe
1332 621 1431 682 agere,
1449 610 1471 662 L

318 719 392 780 rogo
407 710 440 764 ut
454 701 687 764 adolescentulus
702 719 817 764 mecum
832 708 920 762 nocte
934 690 1073 761 dormiat'

386 832 460 900 ‘nisi
475 840 543 902 illud
558 848 617 901 tam
633 841 759 920 rigidum
774 840 928 902 reddidero
945 859 1033 920 quarn
1049 831 1154 900 cornu'

381 969 392 1056 ΙΙ
405 966 557 1053 ‘quicquid
573 974 604 1035 in
620 973 690 1034 orbe
706 973 799 1045 vides,
814 980 896 1052 paret
910 972 990 1035 mihi.
1020 974 1123 1034 dorida
1138 973 1236 1047 tellus,

421 1088 486 1132 curn
503 1073 582 1146 volo,
598 1072 734 1150 spissatis
750 1072 857 1133 arescit
871 1071 1004 1150 languida
1020 1070 1113 1142 sucis,

420 1187 486 1230 cum
502 1170 583 1242 volo,
596 1169 694 1230 fundit
709 1188 781 1250 opes
797 1169 969 1249 scopulique
981 1175 1067 1247 atque
1081 1169 1199 1229 horrida
1216 1187 1284 1229 saxa
1345 1209 1347 1214 -

419 1267 542 1329 Niliacas
557 1266 716 1328 iaculantur
731 1286 830 1346 aquas.
860 1267 933 1328 mihi
948 1272 1057 1345 pontus
1072 1266 1179 1326 inertes

372 1380 387 1429 5
422 1365 578 1427 summittit
592 1367 712 1440 ductus,
727 1365 902 1446 zephyrique
917 1365 1040 1426 ncenns
1055 1371 1172 1444 ponunt

420 1469 487 1524 ante
502 1483 585 1526 meos
602 1482 654 1524 sua
669 1463 758 1525 flabra
773 1465 870 1543 pedes.
897 1463 968 1524 mihi
984 1461 1103 1523 flumina
1120 1469 1224 1541 parent

421 1563 631 1643 Hyrcanaeque
643 1562 731 1641 tigres
747 1569 776 1622 st
789 1562 862 1624 iussi
877 1569 955 1623 stare
971 1562 1122 1622 dracones.

421 1661 489 1740 quid
504 1662 611 1723 leviora
626 1657 754 1739 loquor?
768 1659 853 1720 lunae
868 1659 1019 1720 descendit
1033 1657 1128 1737 imago

422 1760 600 1821 carminibus
612 1760 735 1820 deducta
750 1757 839 1831 meis,
856 1757 1045 1836 trepidusque
1059 1757 1188 1817 furentes

357 1872 387 1922 10
422 1857 537 1918 flectere
552 1857 689 1918 Phoebus
704 1875 796 1937 equos
811 1856 942 1917 revoluto
958 1854 1072 1934 cogitur
1087 1845 1175 1916 orbe.³

413 1958 533 2034 [tantumn
550 1957 625 2018 dicta
639 1955 742 2017 valent.
771 1962 924 2016 taurorum
938 1955 1055 2015 flamma
1071 1952 1194 2033 quiescit

395 2132 408 2177 1
427 2144 467 2178 me
486 2127 583 2178 addidi
708 2134 723 2180 2
742 2130 939 2180 adolescentulus
956 2136 1012 2176 tuus
1032 2143 1130 2176 mecum
1148 2127 1173 2175 L
1293 2135 1369 2177 nocte
1386 2134 1434 2191 pt:

323 2217 370 2250 orn.
383 2199 422 2268 ¹L,
438 2191 521 2248 ‘deest
537 2195 620 2249 nocte’
641 2219 729 2267 marqo
748 2210 764 2254 t.
793 2200 888 2266 fuerat
905 2199 996 2263 opinor
1016 2215 1067 2248 uno
1089 2206 1162 2248 nocte
1307 2199 1434 2249 lacunam

317 2270 410 2335 posui,
436 2270 577 2334 separatim
600 2273 668 2322 enim
690 2273 737 2322 illa
760 2271 886 2336 concerpsit
911 2271 953 2321 cul
977 2285 1070 2320 cornea
1087 2269 1200 2319 mentido
1212 2269 1362 2335 placuerat.
1388 2286 1433 2320 nc·

320 2341 400 2407 pente
418 2349 503 2390 autem
515 2344 662 2406 praemissa
674 2346 778 2408 Priapus
797 2344 859 2392 mihi
875 2344 952 2392 iratus
971 2343 1003 2391 sit
1021 2347 1068 2391 aut
1083 2357 1116 2390 ne
1134 2342 1218 2391 uiuam
1237 2349 1285 2392 aut
1299 2359 1381 2406 quam
1393 2343 1434 2392 lu-

323 2412 363 2462 bet
379 2412 565 2463 concenationem
691 2418 705 2464 3
724 2418 750 2465 ni
767 2417 836 2464 illum
854 2413 878 2463 L
1016 2414 1111 2462 corium
1130 2413 1161 2461 L.
1178 2403 1224 2462 ‘al
1244 2429 1357 2475 coruum,
1369 2413 1433 2478 for·-

323 2493 389 2535 tasse
407 2478 520 2534 cornum’
543 2484 664 2537 Pithoeus
677 2486 845 2550 probabiliter
952 2487 968 2533 4
987 2482 1143 2548 descripsere
1161 2483 1208 2534 hoc
1226 2499 1332 2534 cmrnen
1350 2483 1433 2534 Lam-

323 2556 397 2607 binus
421 2555 457 2606 ad
475 2555 572 2606 Horati
589 2557 662 2622 epod.
687 2557 713 2608 V
727 2562 760 2609 46
780 2573 812 2608 eu
830 2555 916 2606 codice
935 2554 1089 2605 Memmium
1113 2562 1136 2605 et
1154 2555 1252 2606 unieris
1270 2555 1352 2606 tribus
1371 2557 1434 2606 ulti-

322 2628 371 2678 mic
392 2627 508 2678 uersibus
520 2629 613 2680 Delrio
631 2629 668 2680 acl
681 2627 822 2680 Claudiani
840 2627 860 2678 I
874 2628 903 2677 ln
920 2626 1044 2691 Rufinum
1061 2629 1112 2676 154
1127 2619 1232 2677 ‘ueteris
1250 2626 1310 2676 libri
1329 2644 1433 2692 omnpo-

322 2698 432 2750 ratione'
446 2699 532 2765 facta.
569 2703 680 2750 Fortuna
697 2703 722 2750 in
741 2701 858 2750 Petronio
878 2700 976 2748 Arbitro
991 2699 1183 2762 praescriptum
1202 2696 1232 2749 F
1245 2705 1304 2749 testa
1322 2698 1433 2748 Momm-

323 2787 382 2822 acno
490 2773 613 2838 quicquid,
632 2789 685 2822 non
703 2773 820 2836 quidquid
839 2768 993 2821 ABFGLP
1098 2786 1141 2822 ore
1155 2769 1183 2820 F
1271 2767 1331 2835 perd
1350 2770 1400 2820 sed
1418 2769 1432 2819 ἶ·

323 2893 355 2928 eu
373 2875 525 2928 correctione
544 2877 572 2928 F
677 2879 691 2927 5
711 2893 769 2927 cum
789 2852 854 2944 rlrclo
873 2884 902 2927 ut
918 2893 934 2926 e
952 2876 981 2926 in
999 2891 1014 2925 o
1034 2884 1147 2927 correcta
1164 2876 1198 2926 sit
1214 2891 1246 2927 cn
1264 2875 1289 2926 Β
1308 2891 1354 2942 epo
1373 2892 1433 2927 eno-

323 2983 387 3046 taui,
401 2957 499 3031 eumilo
519 2998 550 3032 en
568 2982 655 3033 codem
672 2983 858 3045 Mornmscnus5
883 2999 941 3032 curn
964 2955 1012 3032 ido
1030 2983 1067 3045 D,
1087 2998 1144 3032 cum
1162 2984 1212 3031 udo
1232 2982 1254 3033 0
1365 2986 1432 3048 spis·

323 3056 382 3104 sctis
394 3053 651 3118 ABC'DEFGPpst:
669 3056 765 3104 siccatis
778 3056 811 3119 L,
829 3072 917 3120 marpo
936 3062 952 3118 t,
972 3053 1115 3104 Lambinus
1133 3061 1158 3104 ct
1174 3054 1265 3105 Delrio
1375 3070 1434 3104 suc·

324 3127 358 3175 cis
377 3123 437 3174 libri
450 3133 559 3188 praeter
576 3125 609 3189 B,
628 3127 701 3175 sulcis
721 3125 746 3176 P
860 3129 874 3175 6
895 3127 983 3175 fundat
1000 3125 1092 3176 Delrio
1218 3142 1296 3189 aquas
1313 3132 1344 3190 st,
1363 3125 1432 3176 Del·

323 3197 362 3247 rio
459 3198 602 3261 scopulique
621 3197 709 3260 BLpt,
728 3195 884 3246 Lambinus:
903 3199 1028 3261 scopliquo
1048 3196 1078 3260 P,
1098 3198 1205 3261 scopulis
1225 3197 1308 3248 aeteri.
1337 3205 1432 3262 scopu·

323 3271 360 3318 lus
380 3267 443 3320 coni.
456 3265 606 3332 sambucus,
626 3267 732 3329 Balcia,-
750 3270 847 3332 populis
865 3268 1037 3319 Burmannus
1145 3270 1226 3318 orrida
1244 3267 1277 3332 F,
1295 3269 1387 3318 horidc
1401 3269 1432 3319 P.

323 3341 392 3390 arido
410 3339 553 3390 Lambinus
570 3348 595 3390 et
611 3339 704 3390 Delrio
812 3345 825 3388 1
846 3341 948 3389 niliadcs
967 3340 1028 3405 Dc,
1048 3341 1149 3390 nilicdes
1163 3338 1246 3403 Effer,
1266 3341 1379 3389 nillicdes
1400 3343 1433 3390 A.

324 3413 450 3476 Niligenas
463 3412 563 3476 Bebrio,
583 3413 675 3462 elicitas
688 3410 828 3460 adnotarat
838 3411 963 3462 Heinsius
1060 3413 1181 3461 iaculatur
1193 3409 1375 3461 AODEFGP

324 3490 409 3548 portus
429 3483 453 3532 (3
594 3484 704 3550 inlrertcs
725 3481 751 3546 0,
770 3485 878 3533 inhertes
897 3482 926 3533 Β
1048 3484 1220 3549 8summittit,
1238 3499 1289 3532 non
1307 3484 1433 3532 submittit
1531 3493 1532 3559 3

324 3554 390 3605 AB:
409 3556 544 3604 summictit
562 3553 594 3618 F,
614 3556 714 3604 summit
733 3554 764 3617 G,
784 3556 911 3604 summitct
930 3553 955 3604 P
1059 3551 1136 3603 fluctis
1153 3554 1179 3604 B
1286 3555 1432 3618 zephirique

325 3625 383 3689 Ad,
404 3627 532 3690 saturique
551 3624 580 3675 F
697 3629 711 3674 9
731 3628 799 3674 labra
818 3623 848 3674 F
968 3627 1071 3674 fulmina
1089 3633 1256 3676 nwmaratum
1273 3625 1433 3676 Bur-manno

325 3697 435 3747 semmdo
453 3696 524 3750 anth.
537 3697 580 3750 lat.
591 3695 662 3761 Hp.
676 3700 729 3747 644
820 3698 853 3746 10
870 3697 1022 3760 hircanequc
1034 3695 1118 3761 Arc,
1137 3699 1320 3763 hyrcanicequc
1336 3695 1360 3746 G

326 3783 400 3816 canes
418 3770 492 3832 tigres
511 3770 536 3818 L
653 3770 711 3817 iussi
730 3776 755 3818 et
773 3770 866 3818 seruire
884 3783 905 3828 a,
922 3785 1012 3835 marqo
1030 3776 1040 3817 t
1157 3771 1241 3819 leonas
1259 3769 1303 3832 Le,
1322 3767 1433 3819 Lambi-

325 3905 376 3940 nus
467 3893 497 3939 11
518 3866 631 3942 diceudit
648 3908 711 3943 raca
724 3899 785 3956 post
801 3908 818 3941 n
836 3891 959 3942 littera‘B
1017 3891 1139 3958 'ymago
1153 3889 1182 3941 F
1287 3895 1318 3941 12
1333 3893 1435 3942 diducta

329 3960 376 4010 OD
474 3963 658 4027 aspidibusque
675 3964 701 4016 B
794 3965 903 4014 furentes
921 3971 952 4012 ut
968 3979 984 4011 u
1001 3978 1080 4027 super
1097 3979 1161 4013 rasa
1179 3961 1265 4013 littera
1282 3962 1382 4027 scripta
1401 3964 1436 4014 rit

325 4031 360 4084 B.
384 4032 486 4082 furentis
506 4032 596 4082 Delrn'o
699 4037 729 4084 13
749 4050 811 4098 quos
830 4034 855 4085 Β
956 4037 1089 4098 congnitur
1106 4033 1136 4084 F
1220 4049 1265 4085 sea
1284 4033 1436 4086 toranus

327 4111 451 4168 tarrquam
473 4103 601 4152 entrorios
622 4105 728 4166 saturn
752 4106 820 4156 idem
844 4105 955 4157 stliuc
979 4105 1110 4156 indicauit
1126 4121 1156 4169 p.
1170 4109 1241 4158 tras.
1278 4121 1370 4156 amam
1390 4105 1436 4156 de-

326 4174 394 4225 clisse
411 4173 614 4239 interpolatimsic
626 4184 710 4239 potest
725 4179 868 4241 pollicitatio
875 4195 905 4242 p.
922 4180 980 4242 191,
1001 4182 1015 4227 d
1035 4185 1175 4228 memorata
1292 4185 1320 4228 ut
1332 4179 1436 4228 flamma

326 4248 437 4310 quiescat
455 4245 546 4296 Delrio
652 4248 751 4298 flamina
769 4246 799 4296 F
