<?xml version="1.0" encoding="UTF-8"?>
<!DOCTYPE html PUBLIC "-//W3C//DTD XHTML 1.0 Transitional//EN"
    "http://www.w3.org/TR/xhtml1/DTD/xhtml1-transitional.dtd">
<html xmlns="http://www.w3.org/1999/xhtml" xml:lang="en" lang="en">
 <head>
  <title>
</title>
<meta http-equiv="Content-Type" content="text/html;charset=utf-8" />
  <meta name='ocr-system' content='tesseract 3.04.00' />
  <meta name='ocr-capabilities' content='ocr_page ocr_carea ocr_par ocr_line ocrx_word'/>
</head>
<body>
  <div class='ocr_page' id='page_1' title='image "./petroniiarbitri00buecgoog_0154.png"; bbox 0 0 3022 4956; ppageno 0'>
   <div class='ocr_carea' id='block_1_1' title="bbox 560 471 1185 538">
    <p class='ocr_par' dir='ltr' id='par_1_1' title="bbox 560 471 1185 538">
     <span class='ocr_line' id='line_1_1' title="bbox 560 471 1185 538; baseline -0.003 -14"><span class='ocrx_word' id='word_1_1' title='bbox 560 471 704 526; x_wconf 78' lang='lat' dir='ltr'>sennan</span> <span class='ocrx_word' id='word_1_2' title='bbox 1143 473 1185 538; x_wconf 77' lang='lat'>99</span> 
     </span>
    </p>
   </div>
   <div class='ocr_carea' id='block_1_2' title="bbox 59 625 1188 1199">
    <p class='ocr_par' dir='ltr' id='par_1_2' title="bbox 59 625 1188 789">
     <span class='ocr_line' id='line_1_2' title="bbox 59 625 1188 710; baseline 0 -19"><span class='ocrx_word' id='word_1_3' title='bbox 59 629 262 710; x_wconf 74' lang='lat' dir='ltr'>lcomplenns.</span> <span class='ocrx_word' id='word_1_4' title='bbox 306 635 336 690; x_wconf 89' lang='lat' dir='ltr'>at</span> <span class='ocrx_word' id='word_1_5' title='bbox 354 644 410 707; x_wconf 78' lang='lat' dir='ltr'>ego</span> <span class='ocrx_word' id='word_1_6' title='bbox 429 626 459 688; x_wconf 92' lang='lat' dir='ltr'>in</span> <span class='ocrx_word' id='word_1_7' title='bbox 475 626 643 690; x_wconf 85' lang='lat' dir='ltr'>societatem</span> <span class='ocrx_word' id='word_1_8' title='bbox 659 626 756 707; x_wconf 84' lang='lat' dir='ltr'>recepi</span> <span class='ocrx_word' id='word_1_9' title='bbox 770 625 919 707; x_wconf 79' lang='lat' dir='ltr'><strong>hospitem</strong></span> <span class='ocrx_word' id='word_1_10' title='bbox 934 625 1067 706; x_wconf 77' lang='lat' dir='ltr'><strong>Lycurgo</strong></span> <span class='ocrx_word' id='word_1_11' title='bbox 1083 627 1188 691; x_wconf 87' lang='lat' dir='ltr'>crude·</span> 
     </span>
     <span class='ocr_line' id='line_1_3' title="bbox 89 719 203 789; baseline 0 -1"><span class='ocrx_word' id='word_1_12' title='bbox 89 719 203 789; x_wconf 63' lang='lat' dir='ltr'>liorem?</span> 
     </span>
    </p>

    <p class='ocr_par' dir='ltr' id='par_1_3' title="bbox 166 823 1187 904">
     <span class='ocr_line' id='line_1_4' title="bbox 166 823 1187 904; baseline 0 -16"><span class='ocrx_word' id='word_1_13' title='bbox 166 846 231 889; x_wconf 89' lang='lat' dir='ltr'>ecce</span> <span class='ocrx_word' id='word_1_14' title='bbox 247 832 358 900; x_wconf 85' lang='lat' dir='ltr'>antem,</span> <span class='ocrx_word' id='word_1_15' title='bbox 378 842 432 903; x_wconf 81' lang='lat' dir='ltr'>ego</span> <span class='ocrx_word' id='word_1_16' title='bbox 449 825 519 886; x_wconf 90' lang='lat' dir='ltr'>dum</span> <span class='ocrx_word' id='word_1_17' title='bbox 535 844 601 887; x_wconf 89' lang='lat' dir='ltr'>cum</span> <span class='ocrx_word' id='word_1_18' title='bbox 617 824 711 886; x_wconf 85' lang='lat' dir='ltr'>ventis</span> <span class='ocrx_word' id='word_1_19' title='bbox 726 823 817 904; x_wconf 85' lang='lat' dir='ltr'>litigo,</span> <span class='ocrx_word' id='word_1_20' title='bbox 832 823 949 884; x_wconf 87' lang='lat' dir='ltr'>intravit</span> <span class='ocrx_word' id='word_1_21' title='bbox 964 824 1187 902; x_wconf 79' lang='lat' dir='ltr'>pinacothecam</span> 
     </span>
    </p>

    <p class='ocr_par' dir='ltr' id='par_1_4' title="bbox 90 921 1185 1002">
     <span class='ocr_line' id='line_1_5' title="bbox 90 921 1185 1002; baseline -0.001 -16"><span class='ocrx_word' id='word_1_22' title='bbox 90 943 170 986; x_wconf 81' lang='lat' dir='ltr'>senex</span> <span class='ocrx_word' id='word_1_23' title='bbox 185 944 273 989; x_wconf 89' lang='lat' dir='ltr'>canus</span> <span class='ocrx_word' id='word_1_24' title='bbox 289 924 436 987; x_wconf 87' lang='lat' dir='ltr'>exercitati</span> <span class='ocrx_word' id='word_1_25' title='bbox 451 922 547 985; x_wconf 84' lang='lat' dir='ltr'>vultus</span> <span class='ocrx_word' id='word_1_26' title='bbox 562 923 655 1002; x_wconf 87' lang='lat' dir='ltr'>etqui</span> <span class='ocrx_word' id='word_1_27' title='bbox 675 923 822 984; x_wconf 86' lang='lat' dir='ltr'>videretur</span> <span class='ocrx_word' id='word_1_28' title='bbox 840 921 938 982; x_wconf 85' lang='lat' dir='ltr'>nescio</span> <span class='ocrx_word' id='word_1_29' title='bbox 960 921 1030 1001; x_wconf 89' lang='lat' dir='ltr'>quid</span> <span class='ocrx_word' id='word_1_30' title='bbox 1048 941 1185 1001; x_wconf 84' lang='lat' dir='ltr'>magnum</span> 
     </span>
    </p>

    <p class='ocr_par' dir='ltr' id='par_1_5' title="bbox 64 1019 1188 1105">
     <span class='ocr_line' id='line_1_6' title="bbox 64 1019 1188 1105; baseline 0.001 -23"><span class='ocrx_word' id='word_1_31' title='bbox 64 1024 260 1105; x_wconf 81' lang='lat' dir='ltr'>tpromittere,</span> <span class='ocrx_word' id='word_1_32' title='bbox 285 1025 336 1086; x_wconf 90' lang='lat' dir='ltr'>sed</span> <span class='ocrx_word' id='word_1_33' title='bbox 361 1022 439 1086; x_wconf 87' lang='lat' dir='ltr'>cultu</span> <span class='ocrx_word' id='word_1_34' title='bbox 458 1040 520 1084; x_wconf 92' lang='lat' dir='ltr'>non</span> <span class='ocrx_word' id='word_1_35' title='bbox 539 1022 664 1103; x_wconf 83' lang='lat' dir='ltr'>proinde</span> <span class='ocrx_word' id='word_1_36' title='bbox 686 1022 855 1101; x_wconf 90' lang='lat' dir='ltr'>speciosus,</span> <span class='ocrx_word' id='word_1_37' title='bbox 881 1027 913 1081; x_wconf 88' lang='lat' dir='ltr'>ut</span> <span class='ocrx_word' id='word_1_38' title='bbox 931 1019 1013 1082; x_wconf 83' lang='lat' dir='ltr'>facile</span> <span class='ocrx_word' id='word_1_39' title='bbox 1033 1029 1188 1101; x_wconf 83' lang='lat' dir='ltr'>appareret</span> 
     </span>
    </p>

    <p class='ocr_par' dir='ltr' id='par_1_6' title="bbox 90 1119 1186 1199">
     <span class='ocr_line' id='line_1_7' title="bbox 90 1119 1186 1199; baseline -0.002 -15"><span class='ocrx_word' id='word_1_40' title='bbox 90 1141 147 1184; x_wconf 88' lang='lat' dir='ltr'>eum</span> <span class='ocrx_word' id='word_1_41' title='bbox 165 1143 202 1184; x_wconf 85' lang='lat' dir='ltr'>eac</span> <span class='ocrx_word' id='word_1_42' title='bbox 220 1124 277 1185; x_wconf 90' lang='lat' dir='ltr'>hac</span> <span class='ocrx_word' id='word_1_43' title='bbox 295 1129 366 1184; x_wconf 89' lang='lat' dir='ltr'>nota</span> <span class='ocrx_word' id='word_1_44' title='bbox 385 1121 578 1184; x_wconf 90' lang='lat' dir='ltr'>litteratorum</span> <span class='ocrx_word' id='word_1_45' title='bbox 599 1140 678 1196; x_wconf 87' lang='lat' dir='ltr'>esse,</span> <span class='ocrx_word' id='word_1_46' title='bbox 698 1138 774 1199; x_wconf 89' lang='lat' dir='ltr'>quos</span> <span class='ocrx_word' id='word_1_47' title='bbox 796 1119 894 1181; x_wconf 91' lang='lat' dir='ltr'>odisse</span> <span class='ocrx_word' id='word_1_48' title='bbox 910 1119 1012 1181; x_wconf 87' lang='lat' dir='ltr'>divites</span> <span class='ocrx_word' id='word_1_49' title='bbox 1028 1120 1131 1183; x_wconf 82' lang='lat' dir='ltr'>solent.</span> <span class='ocrx_word' id='word_1_50' title='bbox 1161 1121 1186 1182; x_wconf 93' lang='lat' dir='ltr'>is</span> 
     </span>
    </p>
   </div>
   <div class='ocr_carea' id='block_1_3' title="bbox 90 1219 642 1355">
    <p class='ocr_par' dir='ltr' id='par_1_7' title="bbox 90 1219 642 1355">
     <span class='ocr_line' id='line_1_8' title="bbox 90 1219 554 1301; baseline -0.002 -19"><span class='ocrx_word' id='word_1_51' title='bbox 90 1241 151 1301; x_wconf 82' lang='lat' dir='ltr'>ergo</span> <span class='ocrx_word' id='word_1_52' title='bbox 166 1223 202 1285; x_wconf 93' lang='lat' dir='ltr'>ad</span> <span class='ocrx_word' id='word_1_53' title='bbox 216 1222 292 1284; x_wconf 90' lang='lat' dir='ltr'>latus</span> <span class='ocrx_word' id='word_1_54' title='bbox 309 1219 441 1283; x_wconf 90' lang='lat' dir='ltr'>constitit</span> <span class='ocrx_word' id='word_1_55' title='bbox 455 1239 554 1282; x_wconf 91' lang='lat' dir='ltr'>meum</span> 
     </span>
     <span class='ocr_line' id='line_1_9' title="bbox 620 1314 642 1355; baseline 0 0"><span class='ocrx_word' id='word_1_56' title='bbox 620 1314 642 1355; x_wconf 79' lang='lat' dir='ltr'>a</span> 
     </span>
    </p>
   </div>
   <div class='ocr_carea' id='block_1_4' title="bbox 45 1381 1241 2456">
    <p class='ocr_par' dir='ltr' id='par_1_8' title="bbox 45 1381 1241 2456">
     <span class='ocr_line' id='line_1_10' title="bbox 159 1381 1186 1473; baseline -0.005 -18"><span class='ocrx_word' id='word_1_57' title='bbox 159 1383 235 1473; x_wconf 83' lang='lat' dir='ltr'>‘ego’</span> <span class='ocrx_word' id='word_1_58' title='bbox 250 1391 346 1472; x_wconf 88' lang='lat' dir='ltr'>inquit</span> <span class='ocrx_word' id='word_1_59' title='bbox 356 1381 454 1472; x_wconf 88' lang='lat' dir='ltr'>‘poeta</span> <span class='ocrx_word' id='word_1_60' title='bbox 470 1407 537 1453; x_wconf 89' lang='lat' dir='ltr'>sum</span> <span class='ocrx_word' id='word_1_61' title='bbox 553 1395 583 1452; x_wconf 90' lang='lat' dir='ltr'>et</span> <span class='ocrx_word' id='word_1_62' title='bbox 595 1394 629 1450; x_wconf 90' lang='lat' dir='ltr'>ut</span> <span class='ocrx_word' id='word_1_63' title='bbox 643 1405 748 1468; x_wconf 85' lang='lat' dir='ltr'>spero,</span> <span class='ocrx_word' id='word_1_64' title='bbox 764 1404 824 1449; x_wconf 94' lang='lat' dir='ltr'>non</span> <span class='ocrx_word' id='word_1_65' title='bbox 841 1387 994 1452; x_wconf 87' lang='lat' dir='ltr'>humillimi</span> <span class='ocrx_word' id='word_1_66' title='bbox 1010 1387 1144 1470; x_wconf 84' lang='lat' dir='ltr'>spiritus,</span> <span class='ocrx_word' id='word_1_67' title='bbox 1160 1387 1186 1450; x_wconf 89' lang='lat' dir='ltr'>si</span> 
     </span>
     <span class='ocr_line' id='line_1_11' title="bbox 89 1486 1186 1568; baseline 0 -18"><span class='ocrx_word' id='word_1_68' title='bbox 89 1492 170 1552; x_wconf 89' lang='lat' dir='ltr'>modo</span> <span class='ocrx_word' id='word_1_69' title='bbox 192 1490 311 1553; x_wconf 89' lang='lat' dir='ltr'>coronis</span> <span class='ocrx_word' id='word_1_70' title='bbox 334 1488 440 1568; x_wconf 87' lang='lat' dir='ltr'>aliquid</span> <span class='ocrx_word' id='word_1_71' title='bbox 455 1488 633 1552; x_wconf 88' lang='lat' dir='ltr'>credendum</span> <span class='ocrx_word' id='word_1_72' title='bbox 648 1495 706 1561; x_wconf 84' lang='lat' dir='ltr'>est,</span> <span class='ocrx_word' id='word_1_73' title='bbox 721 1505 794 1566; x_wconf 88' lang='lat' dir='ltr'>quas</span> <span class='ocrx_word' id='word_1_74' title='bbox 810 1486 895 1549; x_wconf 86' lang='lat' dir='ltr'>etiarn</span> <span class='ocrx_word' id='word_1_75' title='bbox 913 1487 948 1548; x_wconf 89' lang='lat' dir='ltr'>ad</span> <span class='ocrx_word' id='word_1_76' title='bbox 965 1487 1118 1567; x_wconf 89' lang='lat' dir='ltr'>imperitos</span> <span class='ocrx_word' id='word_1_77' title='bbox 1134 1488 1186 1551; x_wconf 91' lang='lat' dir='ltr'>de·</span> 
     </span>
     <span class='ocr_line' id='line_1_12' title="bbox 54 1575 1187 1669; baseline 0.001 -23"><span class='ocrx_word' id='word_1_78' title='bbox 54 1597 77 1646; x_wconf 87' lang='lat'>10</span> <span class='ocrx_word' id='word_1_79' title='bbox 90 1589 157 1652; x_wconf 81' lang='lat' dir='ltr'>ferre</span> <span class='ocrx_word' id='word_1_80' title='bbox 175 1590 263 1669; x_wconf 78' lang='lat' dir='ltr'>gratia</span> <span class='ocrx_word' id='word_1_81' title='bbox 284 1589 368 1650; x_wconf 88' lang='lat' dir='ltr'>solet.</span> <span class='ocrx_word' id='word_1_82' title='bbox 393 1580 508 1669; x_wconf 86' lang='lat' dir='ltr'>“quare</span> <span class='ocrx_word' id='word_1_83' title='bbox 529 1577 631 1667; x_wconf 85' lang='lat' dir='ltr'>ergo”&#39;</span> <span class='ocrx_word' id='word_1_84' title='bbox 640 1586 738 1665; x_wconf 90' lang='lat' dir='ltr'>inquis</span> <span class='ocrx_word' id='word_1_85' title='bbox 760 1578 845 1646; x_wconf 84' lang='lat' dir='ltr'>“tam</span> <span class='ocrx_word' id='word_1_86' title='bbox 866 1585 941 1646; x_wconf 89' lang='lat' dir='ltr'>male</span> <span class='ocrx_word' id='word_1_87' title='bbox 959 1586 1082 1648; x_wconf 87' lang='lat' dir='ltr'>vestitus</span> <span class='ocrx_word' id='word_1_88' title='bbox 1107 1575 1187 1647; x_wconf 78' lang='lat' dir='ltr'>esi”</span> 
     </span>
     <span class='ocr_line' id='line_1_13' title="bbox 89 1683 1185 1768; baseline -0.002 -20"><span class='ocrx_word' id='word_1_89' title='bbox 89 1696 202 1768; x_wconf 90' lang='lat' dir='ltr'>propter</span> <span class='ocrx_word' id='word_1_90' title='bbox 221 1688 280 1750; x_wconf 91' lang='lat' dir='ltr'>hoc</span> <span class='ocrx_word' id='word_1_91' title='bbox 298 1688 406 1768; x_wconf 87' lang='lat' dir='ltr'>ipsum.</span> <span class='ocrx_word' id='word_1_92' title='bbox 437 1705 521 1750; x_wconf 87' lang='lat' dir='ltr'>amor</span> <span class='ocrx_word' id='word_1_93' title='bbox 540 1684 647 1764; x_wconf 81' lang='lat' dir='ltr'>ingenii</span> <span class='ocrx_word' id='word_1_94' title='bbox 667 1683 814 1746; x_wconf 91' lang='lat' dir='ltr'>neminem</span> <span class='ocrx_word' id='word_1_95' title='bbox 831 1701 959 1763; x_wconf 87' lang='lat' dir='ltr'>unquam</span> <span class='ocrx_word' id='word_1_96' title='bbox 976 1683 1092 1746; x_wconf 84' lang='lat' dir='ltr'>divitem</span> <span class='ocrx_word' id='word_1_97' title='bbox 1107 1683 1185 1746; x_wconf 79' lang='lat' dir='ltr'>fecit</span> 
     </span>
     <span class='ocr_line' id='line_1_14' title="bbox 45 1782 959 1872; baseline -0.008 -22"><span class='ocrx_word' id='word_1_98' title='bbox 45 1787 78 1840; x_wconf 63' lang='lat'>2⁰</span> <span class='ocrx_word' id='word_1_99' title='bbox 237 1783 249 1872; x_wconf 78' lang='grc' dir='ltr'>ΙΙ</span> <span class='ocrx_word' id='word_1_100' title='bbox 266 1787 314 1868; x_wconf 87' lang='lat' dir='ltr'>qui</span> <span class='ocrx_word' id='word_1_101' title='bbox 330 1787 431 1868; x_wconf 82' lang='lat' dir='ltr'>pelago</span> <span class='ocrx_word' id='word_1_102' title='bbox 447 1785 551 1858; x_wconf 85' lang='lat' dir='ltr'>credit,</span> <span class='ocrx_word' id='word_1_103' title='bbox 568 1801 675 1864; x_wconf 76' lang='lat' dir='ltr'>magno</span> <span class='ocrx_word' id='word_1_104' title='bbox 691 1802 724 1845; x_wconf 88' lang='lat' dir='ltr'>se</span> <span class='ocrx_word' id='word_1_105' title='bbox 738 1783 857 1844; x_wconf 85' lang='lat' dir='ltr'>faenore</span> <span class='ocrx_word' id='word_1_106' title='bbox 871 1782 959 1857; x_wconf 79' lang='lat' dir='ltr'>tollit3</span> 
     </span>
     <span class='ocr_line' id='line_1_15' title="bbox 104 1880 1011 1966; baseline -0.004 -19"><span class='ocrx_word' id='word_1_107' title='bbox 104 1900 109 1904; x_wconf 76' lang='grc'><strong><em>’</em></strong></span> <span class='ocrx_word' id='word_1_108' title='bbox 263 1886 313 1966; x_wconf 88' lang='lat' dir='ltr'>qui</span> <span class='ocrx_word' id='word_1_109' title='bbox 328 1902 442 1965; x_wconf 85' lang='lat' dir='ltr'>pugnas</span> <span class='ocrx_word' id='word_1_110' title='bbox 458 1891 489 1945; x_wconf 93' lang='lat' dir='ltr'>et</span> <span class='ocrx_word' id='word_1_111' title='bbox 502 1891 596 1944; x_wconf 89' lang='lat' dir='ltr'>castra</span> <span class='ocrx_word' id='word_1_112' title='bbox 611 1881 697 1962; x_wconf 90' lang='lat' dir='ltr'>petit,</span> <span class='ocrx_word' id='word_1_113' title='bbox 713 1880 910 1961; x_wconf 80' lang='lat' dir='ltr'>praecingitur</span> <span class='ocrx_word' id='word_1_114' title='bbox 925 1899 1011 1958; x_wconf 85' lang='lat' dir='ltr'>auro;</span> 
     </span>
     <span class='ocr_line' id='line_1_16' title="bbox 263 1980 879 2062; baseline -0.003 -18"><span class='ocrx_word' id='word_1_115' title='bbox 263 1983 326 2044; x_wconf 86' lang='lat' dir='ltr'>vilis</span> <span class='ocrx_word' id='word_1_116' title='bbox 342 1982 474 2044; x_wconf 88' lang='lat' dir='ltr'>adulator</span> <span class='ocrx_word' id='word_1_117' title='bbox 489 1982 568 2062; x_wconf 90' lang='lat' dir='ltr'>picto</span> <span class='ocrx_word' id='word_1_118' title='bbox 584 1980 657 2043; x_wconf 87' lang='lat' dir='ltr'>iacet</span> <span class='ocrx_word' id='word_1_119' title='bbox 671 1981 769 2042; x_wconf 87' lang='lat' dir='ltr'>ebrius</span> <span class='ocrx_word' id='word_1_120' title='bbox 782 1988 879 2054; x_wconf 86' lang='lat' dir='ltr'>ostro,</span> 
     </span>
     <span class='ocr_line' id='line_1_17' title="bbox 55 2078 969 2162; baseline -0.007 -17"><span class='ocrx_word' id='word_1_121' title='bbox 55 2079 78 2128; x_wconf 77' lang='lat'>¹5</span> <span class='ocrx_word' id='word_1_122' title='bbox 266 2090 296 2144; x_wconf 87' lang='lat' dir='ltr'>et</span> <span class='ocrx_word' id='word_1_123' title='bbox 309 2081 358 2162; x_wconf 89' lang='lat' dir='ltr'>qui</span> <span class='ocrx_word' id='word_1_124' title='bbox 374 2082 509 2144; x_wconf 88' lang='lat' dir='ltr'>sollicitat</span> <span class='ocrx_word' id='word_1_125' title='bbox 522 2088 645 2160; x_wconf 86' lang='lat' dir='ltr'>nuptas,</span> <span class='ocrx_word' id='word_1_126' title='bbox 659 2080 695 2141; x_wconf 93' lang='lat' dir='ltr'>ad</span> <span class='ocrx_word' id='word_1_127' title='bbox 711 2078 840 2158; x_wconf 88' lang='lat' dir='ltr'>praemia</span> <span class='ocrx_word' id='word_1_128' title='bbox 855 2085 969 2158; x_wconf 83' lang='lat' dir='ltr'>peccat:</span> 
     </span>
     <span class='ocr_line' id='line_1_18' title="bbox 263 2176 1085 2261; baseline -0.009 -19"><span class='ocrx_word' id='word_1_129' title='bbox 263 2181 326 2243; x_wconf 93' lang='lat' dir='ltr'>sola</span> <span class='ocrx_word' id='word_1_130' title='bbox 339 2179 491 2261; x_wconf 85' lang='lat' dir='ltr'>pruinosis</span> <span class='ocrx_word' id='word_1_131' title='bbox 505 2180 607 2240; x_wconf 90' lang='lat' dir='ltr'>horret</span> <span class='ocrx_word' id='word_1_132' title='bbox 621 2176 755 2239; x_wconf 85' lang='lat' dir='ltr'>facundia</span> <span class='ocrx_word' id='word_1_133' title='bbox 771 2177 877 2256; x_wconf 88' lang='lat' dir='ltr'>pannis</span> <span class='ocrx_word' id='word_1_134' title='bbox 1070 2195 1085 2245; x_wconf 74' lang='lat'><strong>5</strong></span> 
     </span>
     <span class='ocr_line' id='line_1_19' title="bbox 264 2274 938 2359; baseline -0.006 -19"><span class='ocrx_word' id='word_1_135' title='bbox 264 2287 350 2359; x_wconf 70' lang='lat' dir='ltr'>atepue</span> <span class='ocrx_word' id='word_1_136' title='bbox 364 2277 445 2357; x_wconf 92' lang='lat' dir='ltr'>inopi</span> <span class='ocrx_word' id='word_1_137' title='bbox 461 2277 558 2357; x_wconf 85' lang='lat' dir='ltr'>lingua</span> <span class='ocrx_word' id='word_1_138' title='bbox 575 2278 706 2338; x_wconf 89' lang='lat' dir='ltr'>desertas</span> <span class='ocrx_word' id='word_1_139' title='bbox 722 2274 837 2336; x_wconf 86' lang='lat' dir='ltr'>invocat</span> <span class='ocrx_word' id='word_1_140' title='bbox 850 2281 938 2336; x_wconf 87' lang='lat' dir='ltr'>artes.</span> 
     </span>
     <span class='ocr_line' id='line_1_20' title="bbox 91 2372 1241 2456; baseline 0.003 -22"><span class='ocrx_word' id='word_1_141' title='bbox 91 2392 144 2437; x_wconf 91' lang='lat' dir='ltr'>non</span> <span class='ocrx_word' id='word_1_142' title='bbox 162 2376 246 2439; x_wconf 90' lang='lat' dir='ltr'>dubie</span> <span class='ocrx_word' id='word_1_143' title='bbox 263 2377 304 2439; x_wconf 88' lang='lat' dir='ltr'>ita</span> <span class='ocrx_word' id='word_1_144' title='bbox 324 2384 384 2439; x_wconf 86' lang='lat' dir='ltr'>est:</span> <span class='ocrx_word' id='word_1_145' title='bbox 405 2376 430 2436; x_wconf 89' lang='lat' dir='ltr'>si</span> <span class='ocrx_word' id='word_1_146' title='bbox 450 2376 515 2456; x_wconf 88' lang='lat' dir='ltr'>quis</span> <span class='ocrx_word' id='word_1_147' title='bbox 534 2375 672 2437; x_wconf 88' lang='lat' dir='ltr'>vitiorum</span> <span class='ocrx_word' id='word_1_148' title='bbox 693 2373 825 2436; x_wconf 89' lang='lat' dir='ltr'>omnium</span> <span class='ocrx_word' id='word_1_149' title='bbox 846 2372 983 2436; x_wconf 84' lang='lat' dir='ltr'>inimicus</span> <span class='ocrx_word' id='word_1_150' title='bbox 1002 2381 1116 2437; x_wconf 90' lang='lat' dir='ltr'>rectum</span> <span class='ocrx_word' id='word_1_151' title='bbox 1131 2375 1186 2438; x_wconf 84' lang='lat' dir='ltr'>iter</span> <span class='ocrx_word' id='word_1_152' title='bbox 1201 2375 1241 2440; x_wconf 82' lang='lat'>84</span> 
     </span>
    </p>
   </div>
   <div class='ocr_carea' id='block_1_5' title="bbox 92 2633 1297 4342">
    <p class='ocr_par' dir='ltr' id='par_1_9' title="bbox 92 2633 1297 4342">
     <span class='ocr_line' id='line_1_21' title="bbox 157 2633 1185 2703; baseline 0 -17"><span class='ocrx_word' id='word_1_153' title='bbox 157 2641 168 2686; x_wconf 83' lang='lat'>1</span> <span class='ocrx_word' id='word_1_154' title='bbox 186 2639 310 2703; x_wconf 87' lang='lat' dir='ltr'>hospitem</span> <span class='ocrx_word' id='word_1_155' title='bbox 329 2653 377 2688; x_wconf 84' lang='lat' dir='ltr'>orn.</span> <span class='ocrx_word' id='word_1_156' title='bbox 396 2644 414 2701; x_wconf 86' lang='lat' dir='ltr'>t,</span> <span class='ocrx_word' id='word_1_157' title='bbox 432 2652 485 2687; x_wconf 78' lang='lat' dir='ltr'>reon</span> <span class='ocrx_word' id='word_1_158' title='bbox 507 2635 535 2686; x_wconf 71' lang='lat' dir='ltr'>T.</span> <span class='ocrx_word' id='word_1_159' title='bbox 572 2637 670 2700; x_wconf 84' lang='lat' dir='ltr'>hospite</span> <span class='ocrx_word' id='word_1_160' title='bbox 686 2633 826 2699; x_wconf 73' lang='lat' dir='ltr'>Scioppius</span> <span class='ocrx_word' id='word_1_161' title='bbox 914 2634 1026 2698; x_wconf 78' lang='lat' dir='ltr'>Ligurgo</span> <span class='ocrx_word' id='word_1_162' title='bbox 1039 2649 1070 2698; x_wconf 79' lang='lat' dir='ltr'>p,</span> <span class='ocrx_word' id='word_1_163' title='bbox 1089 2635 1185 2700; x_wconf 74' lang='lat' dir='ltr'>ligurgo</span> 
     </span>
     <span class='ocr_line' id='line_1_22' title="bbox 96 2703 1186 2773; baseline 0.004 -19"><span class='ocrx_word' id='word_1_164' title='bbox 96 2703 222 2759; x_wconf 79' lang='lat' dir='ltr'>Todoeonns</span> <span class='ocrx_word' id='word_1_165' title='bbox 349 2711 364 2758; x_wconf 84' lang='grc'><strong>3</strong></span> <span class='ocrx_word' id='word_1_166' title='bbox 383 2723 432 2773; x_wconf 84' lang='lat' dir='ltr'>ogo</span> <span class='ocrx_word' id='word_1_167' title='bbox 448 2715 593 2772; x_wconf 69' lang='lat' dir='ltr'>capenum</span> <span class='ocrx_word' id='word_1_168' title='bbox 611 2707 643 2757; x_wconf 84' lang='lat' dir='ltr'>de</span> <span class='ocrx_word' id='word_1_169' title='bbox 662 2707 811 2771; x_wconf 81' lang='lat' dir='ltr'>repetitione</span> <span class='ocrx_word' id='word_1_170' title='bbox 935 2709 952 2754; x_wconf 80' lang='lat'>4</span> <span class='ocrx_word' id='word_1_171' title='bbox 971 2706 1107 2772; x_wconf 85' lang='lat' dir='ltr'>Eumolpus</span> <span class='ocrx_word' id='word_1_172' title='bbox 1126 2713 1186 2758; x_wconf 77' lang='lat' dir='ltr'>nante</span> 
     </span>
     <span class='ocr_line' id='line_1_23' title="bbox 93 2767 1185 2846; baseline 0.002 -20"><span class='ocrx_word' id='word_1_173' title='bbox 93 2792 161 2828; x_wconf 84' lang='lat' dir='ltr'>senex</span> <span class='ocrx_word' id='word_1_174' title='bbox 178 2779 252 2830; x_wconf 80' lang='lat' dir='ltr'>addit</span> <span class='ocrx_word' id='word_1_175' title='bbox 268 2781 302 2834; x_wconf 89' lang='lat' dir='ltr'>L.</span> <span class='ocrx_word' id='word_1_176' title='bbox 337 2780 451 2846; x_wconf 77' lang='lat' dir='ltr'>marpina&#39;</span> <span class='ocrx_word' id='word_1_177' title='bbox 473 2779 503 2830; x_wconf 78' lang='lat' dir='ltr'>td</span> <span class='ocrx_word' id='word_1_178' title='bbox 524 2795 617 2830; x_wconf 79' lang='lat' dir='ltr'>nomen</span> <span class='ocrx_word' id='word_1_179' title='bbox 641 2777 764 2843; x_wconf 69' lang='lat' dir='ltr'>opposuit</span> <span class='ocrx_word' id='word_1_180' title='bbox 784 2775 940 2828; x_wconf 63' lang='lat' dir='ltr'>moecatus</span> <span class='ocrx_word' id='word_1_181' title='bbox 1078 2767 1185 2844; x_wconf 57' lang='lat' dir='ltr'>‘nepoti</span> 
     </span>
     <span class='ocr_line' id='line_1_24' title="bbox 93 2846 1114 2918; baseline 0.002 -22"><span class='ocrx_word' id='word_1_182' title='bbox 93 2847 189 2901; x_wconf 75' lang='lat' dir='ltr'>coamri’</span> <span class='ocrx_word' id='word_1_183' title='bbox 202 2853 390 2917; x_wconf 74' lang='lat' dir='ltr'>interpretatur</span> <span class='ocrx_word' id='word_1_184' title='bbox 400 2868 490 2918; x_wconf 75' lang='lat' dir='ltr'>morpo</span> <span class='ocrx_word' id='word_1_185' title='bbox 503 2859 524 2900; x_wconf 82' lang='lat' dir='ltr'>t.-</span> <span class='ocrx_word' id='word_1_186' title='bbox 537 2852 636 2902; x_wconf 82' lang='lat' dir='ltr'>excitati</span> <span class='ocrx_word' id='word_1_187' title='bbox 646 2849 758 2900; x_wconf 71' lang='lat' dir='ltr'>Iahnius</span> <span class='ocrx_word' id='word_1_188' title='bbox 831 2851 846 2899; x_wconf 82' lang='lat'><strong>5</strong></span> <span class='ocrx_word' id='word_1_189' title='bbox 859 2849 972 2913; x_wconf 78' lang='lat' dir='ltr'>specioso</span> <span class='ocrx_word' id='word_1_190' title='bbox 990 2846 1114 2899; x_wconf 68' lang='lat' dir='ltr'>Heinsius</span> 
     </span>
     <span class='ocr_line' id='line_1_25' title="bbox 95 2921 1186 2985; baseline 0.005 -18"><span class='ocrx_word' id='word_1_191' title='bbox 95 2922 106 2967; x_wconf 83' lang='grc'>6</span> <span class='ocrx_word' id='word_1_192' title='bbox 124 2937 153 2970; x_wconf 82' lang='lat' dir='ltr'>ex</span> <span class='ocrx_word' id='word_1_193' title='bbox 170 2923 230 2974; x_wconf 81' lang='lat' dir='ltr'>add.</span> <span class='ocrx_word' id='word_1_194' title='bbox 248 2925 345 2976; x_wconf 78' lang='lat' dir='ltr'>Dorcea</span> <span class='ocrx_word' id='word_1_195' title='bbox 451 2925 604 2972; x_wconf 79' lang='lat' dir='ltr'>literatorum</span> <span class='ocrx_word' id='word_1_196' title='bbox 622 2923 731 2972; x_wconf 75' lang='lat' dir='ltr'>Donec.-</span> <span class='ocrx_word' id='word_1_197' title='bbox 749 2923 874 2971; x_wconf 80' lang='lat' dir='ltr'>literatum</span> <span class='ocrx_word' id='word_1_198' title='bbox 892 2928 917 2970; x_wconf 85' lang='lat' dir='ltr'>et</span> <span class='ocrx_word' id='word_1_199' title='bbox 933 2921 1066 2970; x_wconf 79' lang='lat' dir='ltr'>litteratum</span> <span class='ocrx_word' id='word_1_200' title='bbox 1085 2921 1128 2985; x_wconf 78' lang='lat' dir='ltr'>Le,</span> <span class='ocrx_word' id='word_1_201' title='bbox 1146 2923 1186 2972; x_wconf 87' lang='lat' dir='ltr'>lit·</span> 
     </span>
     <span class='ocr_line' id='line_1_26' title="bbox 93 2990 1186 3060; baseline -0.001 -15"><span class='ocrx_word' id='word_1_202' title='bbox 93 2997 223 3060; x_wconf 75' lang='lat' dir='ltr'>terammp</span> <span class='ocrx_word' id='word_1_203' title='bbox 329 2997 439 3045; x_wconf 80' lang='lat' dir='ltr'>literatos</span> <span class='ocrx_word' id='word_1_204' title='bbox 457 2995 538 3044; x_wconf 82' lang='lat' dir='ltr'>odisee</span> <span class='ocrx_word' id='word_1_205' title='bbox 556 2995 644 3044; x_wconf 83' lang='lat' dir='ltr'>diuites</span> <span class='ocrx_word' id='word_1_206' title='bbox 663 2995 742 3042; x_wconf 84' lang='lat' dir='ltr'>solent</span> <span class='ocrx_word' id='word_1_207' title='bbox 761 2991 899 3056; x_wconf 71' lang='lat' dir='ltr'>descripsit</span> <span class='ocrx_word' id='word_1_208' title='bbox 907 2990 1068 3058; x_wconf 72' lang='lat' dir='ltr'>florilepium</span> <span class='ocrx_word' id='word_1_209' title='bbox 1085 2992 1186 3044; x_wconf 66' lang='lat' dir='ltr'>Porioi-</span> 
     </span>
     <span class='ocr_line' id='line_1_27' title="bbox 93 3057 1187 3132; baseline 0.003 -20"><span class='ocrx_word' id='word_1_210' title='bbox 93 3077 147 3112; x_wconf 80' lang='lat' dir='ltr'>nom</span> <span class='ocrx_word' id='word_1_211' title='bbox 248 3068 315 3130; x_wconf 87' lang='lat' dir='ltr'>qnod</span> <span class='ocrx_word' id='word_1_212' title='bbox 332 3082 423 3132; x_wconf 75' lang='lat' dir='ltr'>mnepo</span> <span class='ocrx_word' id='word_1_213' title='bbox 441 3074 458 3119; x_wconf 91' lang='lat' dir='ltr'>t.</span> <span class='ocrx_word' id='word_1_214' title='bbox 487 3057 534 3114; x_wconf 83' lang='lat' dir='ltr'>‘aL</span> <span class='ocrx_word' id='word_1_215' title='bbox 553 3066 619 3128; x_wconf 89' lang='lat' dir='ltr'>qnod</span> <span class='ocrx_word' id='word_1_216' title='bbox 638 3079 717 3128; x_wconf 49' lang='lat' dir='ltr'>&amp;aare</span> <span class='ocrx_word' id='word_1_217' title='bbox 735 3058 829 3114; x_wconf 83' lang='lat' dir='ltr'>odisee’</span> <span class='ocrx_word' id='word_1_218' title='bbox 845 3063 974 3115; x_wconf 68' lang='lat' dir='ltr'>Pithoeus.</span> <span class='ocrx_word' id='word_1_219' title='bbox 1001 3063 1187 3116; x_wconf 73' lang='lat' dir='ltr'>restituendum</span> 
     </span>
     <span class='ocr_line' id='line_1_28' title="bbox 94 3133 1186 3202; baseline 0.005 -21"><span class='ocrx_word' id='word_1_220' title='bbox 94 3147 159 3195; x_wconf 80' lang='lat' dir='ltr'>qnam</span> <span class='ocrx_word' id='word_1_221' title='bbox 272 3138 426 3188; x_wconf 78' lang='lat' dir='ltr'>lloenncm</span> <span class='ocrx_word' id='word_1_222' title='bbox 449 3137 570 3186; x_wconf 69' lang='lat' dir='ltr'>asteriaco</span> <span class='ocrx_word' id='word_1_223' title='bbox 586 3135 688 3186; x_wconf 79' lang='lat' dir='ltr'>indicat</span> <span class='ocrx_word' id='word_1_224' title='bbox 705 3143 727 3199; x_wconf 86' lang='lat' dir='ltr'>t,</span> <span class='ocrx_word' id='word_1_225' title='bbox 750 3152 804 3186; x_wconf 78' lang='lat' dir='ltr'>nore</span> <span class='ocrx_word' id='word_1_226' title='bbox 821 3134 872 3200; x_wconf 67' lang='lat' dir='ltr'>lp.</span> <span class='ocrx_word' id='word_1_227' title='bbox 907 3134 963 3184; x_wconf 81' lang='lat' dir='ltr'>eine</span> <span class='ocrx_word' id='word_1_228' title='bbox 981 3133 1077 3186; x_wconf 73' lang='lat' dir='ltr'>hauno</span> <span class='ocrx_word' id='word_1_229' title='bbox 1096 3143 1121 3186; x_wconf 84' lang='lat' dir='ltr'>et</span> <span class='ocrx_word' id='word_1_230' title='bbox 1138 3151 1186 3202; x_wconf 80' lang='lat' dir='ltr'>ego</span> 
     </span>
     <span class='ocr_line' id='line_1_29' title="bbox 95 3203 1097 3273; baseline -0.003 -15"><span class='ocrx_word' id='word_1_231' title='bbox 95 3204 260 3273; x_wconf 80' lang='lat' dir='ltr'>Goldoate&#39;aoea,</span> <span class='ocrx_word' id='word_1_232' title='bbox 278 3217 307 3258; x_wconf 86' lang='lat' dir='ltr'>nt</span> <span class='ocrx_word' id='word_1_233' title='bbox 324 3211 357 3258; x_wconf 82' lang='lat' dir='ltr'>ad</span> <span class='ocrx_word' id='word_1_234' title='bbox 374 3211 438 3258; x_wconf 77' lang='lat' dir='ltr'>letus</span> <span class='ocrx_word' id='word_1_235' title='bbox 456 3208 634 3260; x_wconf 70' lang='lat' dir='ltr'>Burmannus.</span> <span class='ocrx_word' id='word_1_236' title='bbox 666 3207 852 3271; x_wconf 76' lang='lat' dir='ltr'>proetemiesa</span> <span class='ocrx_word' id='word_1_237' title='bbox 864 3221 956 3270; x_wconf 80' lang='lat' dir='ltr'>panca</span> <span class='ocrx_word' id='word_1_238' title='bbox 972 3203 1097 3256; x_wconf 63' lang='lat' dir='ltr'>ciuntur</span> 
     </span>
     <span class='ocr_line' id='line_1_30' title="bbox 95 3269 1188 3345; baseline 0.002 -19"><span class='ocrx_word' id='word_1_239' title='bbox 95 3276 108 3323; x_wconf 85' lang='lat'>8</span> <span class='ocrx_word' id='word_1_240' title='bbox 125 3287 147 3326; x_wconf 83' lang='lat' dir='ltr'>et</span> <span class='ocrx_word' id='word_1_241' title='bbox 162 3281 246 3330; x_wconf 83' lang='lat' dir='ltr'>mre.L</span> <span class='ocrx_word' id='word_1_242' title='bbox 353 3280 495 3345; x_wconf 82' lang='lat' dir='ltr'>tisortaeee</span> <span class='ocrx_word' id='word_1_243' title='bbox 512 3281 648 3329; x_wconf 79' lang='lat' dir='ltr'>immeritos</span> <span class='ocrx_word' id='word_1_244' title='bbox 757 3281 789 3329; x_wconf 88' lang='lat'>10</span> <span class='ocrx_word' id='word_1_245' title='bbox 808 3280 893 3342; x_wconf 86' lang='lat' dir='ltr'>inquio</span> <span class='ocrx_word' id='word_1_246' title='bbox 909 3285 920 3326; x_wconf 87' lang='lat' dir='ltr'>t</span> <span class='ocrx_word' id='word_1_247' title='bbox 1028 3281 1057 3326; x_wconf 89' lang='lat' dir='ltr'>ll</span> <span class='ocrx_word' id='word_1_248' title='bbox 1075 3269 1117 3328; x_wconf 82' lang='lat' dir='ltr'>‘ut</span> <span class='ocrx_word' id='word_1_249' title='bbox 1133 3275 1188 3328; x_wconf 78' lang='lat' dir='ltr'>dici</span> 
     </span>
     <span class='ocr_line' id='line_1_31' title="bbox 94 3344 1186 3416; baseline 0 -18"><span class='ocrx_word' id='word_1_250' title='bbox 94 3347 157 3414; x_wconf 74' lang='lat' dir='ltr'>eona,</span> <span class='ocrx_word' id='word_1_251' title='bbox 179 3368 248 3402; x_wconf 87' lang='lat' dir='ltr'>amor</span> <span class='ocrx_word' id='word_1_252' title='bbox 265 3353 358 3416; x_wconf 84' lang='lat' dir='ltr'>ingenii</span> <span class='ocrx_word' id='word_1_253' title='bbox 376 3367 504 3416; x_wconf 76' lang='lat' dir='ltr'>nunquam</span> <span class='ocrx_word' id='word_1_254' title='bbox 521 3352 651 3401; x_wconf 88' lang='lat' dir='ltr'>hominem</span> <span class='ocrx_word' id='word_1_255' title='bbox 669 3351 771 3400; x_wconf 78' lang='lat' dir='ltr'>diuitem</span> <span class='ocrx_word' id='word_1_256' title='bbox 789 3344 858 3399; x_wconf 82' lang='lat' dir='ltr'>secit’</span> <span class='ocrx_word' id='word_1_257' title='bbox 879 3348 993 3398; x_wconf 78' lang='lat' dir='ltr'>Ioonoee</span> <span class='ocrx_word' id='word_1_258' title='bbox 1010 3345 1117 3400; x_wconf 69' lang='lat' dir='ltr'>Sorech.</span> <span class='ocrx_word' id='word_1_259' title='bbox 1131 3346 1186 3412; x_wconf 84' lang='lat' dir='ltr'>pol.</span> 
     </span>
     <span class='ocr_line' id='line_1_32' title="bbox 99 3415 1189 3488; baseline 0 -20"><span class='ocrx_word' id='word_1_260' title='bbox 99 3415 190 3472; x_wconf 84' lang='lat' dir='ltr'><strong><em>V1115</em></strong></span> <span class='ocrx_word' id='word_1_261' title='bbox 203 3440 233 3488; x_wconf 78' lang='lat' dir='ltr'>p.</span> <span class='ocrx_word' id='word_1_262' title='bbox 248 3426 299 3472; x_wconf 79' lang='lat'>140</span> <span class='ocrx_word' id='word_1_263' title='bbox 388 3425 490 3486; x_wconf 80' lang='lat' dir='ltr'>inquom</span> <span class='ocrx_word' id='word_1_264' title='bbox 504 3421 530 3472; x_wconf 80' lang='lat' dir='ltr'><em>L</em></span> <span class='ocrx_word' id='word_1_265' title='bbox 545 3421 717 3472; x_wconf 62' lang='lat' dir='ltr'>Monetam</span> <span class='ocrx_word' id='word_1_266' title='bbox 813 3423 917 3482; x_wconf 72' lang='lat'>12-1).</span> <span class='ocrx_word' id='word_1_267' title='bbox 933 3419 1020 3478; x_wconf 79' lang='lat'>100‚4</span> <span class='ocrx_word' id='word_1_268' title='bbox 1037 3420 1084 3482; x_wconf 80' lang='lat' dir='ltr'>ipsi</span> <span class='ocrx_word' id='word_1_269' title='bbox 1102 3425 1189 3468; x_wconf 80' lang='lat' dir='ltr'>tenent</span> 
     </span>
     <span class='ocr_line' id='line_1_33' title="bbox 95 3487 1187 3562; baseline -0.005 -16"><span class='ocrx_word' id='word_1_270' title='bbox 95 3487 159 3541; x_wconf 72' lang='lat' dir='ltr'>tata</span> <span class='ocrx_word' id='word_1_271' title='bbox 173 3495 330 3562; x_wconf 74' lang='lat' dir='ltr'>florr&#39;lepiaern</span> <span class='ocrx_word' id='word_1_272' title='bbox 346 3494 506 3545; x_wconf 69' lang='lat' dir='ltr'>Pmira&#39;num.</span> <span class='ocrx_word' id='word_1_273' title='bbox 543 3509 588 3544; x_wconf 73' lang='lat' dir='ltr'>rese</span> <span class='ocrx_word' id='word_1_274' title='bbox 606 3493 651 3544; x_wconf 78' lang='lat' dir='ltr'>Iuor</span> <span class='ocrx_word' id='word_1_275' title='bbox 669 3507 760 3544; x_wconf 75' lang='lat' dir='ltr'>uerene</span> <span class='ocrx_word' id='word_1_276' title='bbox 778 3491 814 3540; x_wconf 82' lang='lat' dir='ltr'>eie</span> <span class='ocrx_word' id='word_1_277' title='bbox 831 3491 878 3555; x_wconf 78' lang='lat' dir='ltr'>qui</span> <span class='ocrx_word' id='word_1_278' title='bbox 894 3490 924 3540; x_wconf 81' lang='lat' dir='ltr'>iae</span> <span class='ocrx_word' id='word_1_279' title='bbox 936 3504 1000 3552; x_wconf 73' lang='lat' dir='ltr'>pap.</span> <span class='ocrx_word' id='word_1_280' title='bbox 1016 3491 1047 3536; x_wconf 79' lang='lat'>15</span> <span class='ocrx_word' id='word_1_281' title='bbox 1066 3487 1187 3554; x_wconf 66' lang='lat' dir='ltr'>tequam</span> 
     </span>
     <span class='ocr_line' id='line_1_34' title="bbox 96 3557 1093 3630; baseline -0.005 -16"><span class='ocrx_word' id='word_1_282' title='bbox 96 3561 165 3614; x_wconf 67' lang='lat' dir='ltr'>codex</span> <span class='ocrx_word' id='word_1_283' title='bbox 186 3565 322 3616; x_wconf 81' lang='lat' dir='ltr'>Voese&#39;nnm</span> <span class='ocrx_word' id='word_1_284' title='bbox 339 3564 432 3616; x_wconf 76' lang='lat' dir='ltr'>subicit</span> <span class='ocrx_word' id='word_1_285' title='bbox 446 3565 484 3616; x_wconf 81' lang='lat' dir='ltr'>eie</span> <span class='ocrx_word' id='word_1_286' title='bbox 501 3565 636 3630; x_wconf 62' lang='lat' dir='ltr'>hampton</span> <span class='ocrx_word' id='word_1_287' title='bbox 653 3567 713 3614; x_wconf 81' lang='lat' dir='ltr'>item</span> <span class='ocrx_word' id='word_1_288' title='bbox 731 3563 841 3612; x_wconf 78' lang='lat' dir='ltr'>eiusdem</span> <span class='ocrx_word' id='word_1_289' title='bbox 947 3559 1044 3624; x_wconf 77' lang='lat' dir='ltr'>pollego</span> <span class='ocrx_word' id='word_1_290' title='bbox 1063 3557 1093 3609; x_wconf 72' lang='lat' dir='ltr'><em>F</em></span> 
     </span>
     <span class='ocr_line' id='line_1_35' title="bbox 95 3629 1188 3701; baseline -0.004 -15"><span class='ocrx_word' id='word_1_291' title='bbox 95 3645 175 3697; x_wconf 72' lang='lat' dir='ltr'>magno</span> <span class='ocrx_word' id='word_1_292' title='bbox 193 3654 239 3687; x_wconf 76' lang='lat' dir='ltr'>oce</span> <span class='ocrx_word' id='word_1_293' title='bbox 258 3636 289 3687; x_wconf 77' lang='lat' dir='ltr'><em>F</em></span> <span class='ocrx_word' id='word_1_294' title='bbox 429 3639 461 3686; x_wconf 77' lang='lat'>13</span> <span class='ocrx_word' id='word_1_295' title='bbox 479 3645 505 3687; x_wconf 85' lang='lat' dir='ltr'>et</span> <span class='ocrx_word' id='word_1_296' title='bbox 522 3643 582 3686; x_wconf 75' lang='lat' dir='ltr'>mete</span> <span class='ocrx_word' id='word_1_297' title='bbox 599 3637 661 3701; x_wconf 80' lang='lat' dir='ltr'>petit</span> <span class='ocrx_word' id='word_1_298' title='bbox 678 3634 789 3685; x_wconf 76' lang='lat' dir='ltr'>delemm</span> <span class='ocrx_word' id='word_1_299' title='bbox 808 3632 832 3684; x_wconf 73' lang='grc' dir='ltr'><em>θ</em></span> <span class='ocrx_word' id='word_1_300' title='bbox 974 3632 1038 3694; x_wconf 83' lang='lat' dir='ltr'>petis</span> <span class='ocrx_word' id='word_1_301' title='bbox 1057 3629 1085 3682; x_wconf 80' lang='grc'>0.</span> <span class='ocrx_word' id='word_1_302' title='bbox 1120 3631 1188 3696; x_wconf 81' lang='lat' dir='ltr'>cepit</span> 
     </span>
     <span class='ocr_line' id='line_1_36' title="bbox 95 3704 1186 3772; baseline 0 -18"><span class='ocrx_word' id='word_1_303' title='bbox 95 3705 206 3769; x_wconf 66' lang='lat' dir='ltr'>scapnam</span> <span class='ocrx_word' id='word_1_304' title='bbox 222 3716 280 3758; x_wconf 85' lang='lat' dir='ltr'>erot</span> <span class='ocrx_word' id='word_1_305' title='bbox 295 3708 325 3758; x_wconf 78' lang='lat' dir='ltr'>in</span> <span class='ocrx_word' id='word_1_306' title='bbox 342 3709 368 3758; x_wconf 85' lang='lat' dir='ltr'><em>L</em></span> <span class='ocrx_word' id='word_1_307' title='bbox 384 3707 431 3757; x_wconf 78' lang='lat' dir='ltr'>ced</span> <span class='ocrx_word' id='word_1_308' title='bbox 448 3723 528 3772; x_wconf 80' lang='lat' dir='ltr'>rupee·</span> <span class='ocrx_word' id='word_1_309' title='bbox 544 3707 589 3758; x_wconf 76' lang='lat' dir='ltr'>tuo</span> <span class='ocrx_word' id='word_1_310' title='bbox 606 3715 631 3757; x_wconf 82' lang='lat' dir='ltr'>et</span> <span class='ocrx_word' id='word_1_311' title='bbox 647 3707 677 3758; x_wconf 79' lang='lat' dir='ltr'>o‘n</span> <span class='ocrx_word' id='word_1_312' title='bbox 693 3706 811 3771; x_wconf 68' lang='lat' dir='ltr'>marpieae</span> <span class='ocrx_word' id='word_1_313' title='bbox 828 3704 892 3768; x_wconf 82' lang='lat' dir='ltr'>petit</span> <span class='ocrx_word' id='word_1_314' title='bbox 1024 3704 1056 3750; x_wconf 80' lang='lat'>14</span> <span class='ocrx_word' id='word_1_315' title='bbox 1074 3709 1134 3752; x_wconf 76' lang='lat' dir='ltr'>ante</span> <span class='ocrx_word' id='word_1_316' title='bbox 1153 3705 1186 3754; x_wconf 80' lang='grc'>13</span> 
     </span>
     <span class='ocr_line' id='line_1_37' title="bbox 96 3774 1187 3846; baseline 0.001 -21"><span class='ocrx_word' id='word_1_317' title='bbox 96 3775 188 3828; x_wconf 77' lang='lat' dir='ltr'>collocat</span> <span class='ocrx_word' id='word_1_318' title='bbox 200 3779 360 3846; x_wconf 70' lang='lat' dir='ltr'>florilepiom</span> <span class='ocrx_word' id='word_1_319' title='bbox 382 3797 436 3844; x_wconf 80' lang='lat' dir='ltr'>qna</span> <span class='ocrx_word' id='word_1_320' title='bbox 452 3779 643 3844; x_wconf 79' lang='lat' dir='ltr'>perrantote&#39;one</span> <span class='ocrx_word' id='word_1_321' title='bbox 658 3777 763 3844; x_wconf 75' lang='lat' dir='ltr'>saeaon</span> <span class='ocrx_word' id='word_1_322' title='bbox 781 3784 818 3826; x_wconf 73' lang='lat' dir='ltr'>eet</span> <span class='ocrx_word' id='word_1_323' title='bbox 833 3781 864 3825; x_wconf 79' lang='lat' dir='ltr'>nt</span> <span class='ocrx_word' id='word_1_324' title='bbox 884 3777 915 3824; x_wconf 79' lang='lat'>12</span> <span class='ocrx_word' id='word_1_325' title='bbox 935 3774 1102 3838; x_wconf 79' lang='lat' dir='ltr'>praecingitur</span> <span class='ocrx_word' id='word_1_326' title='bbox 1118 3781 1187 3826; x_wconf 74' lang='lat' dir='ltr'>oeteo</span> 
     </span>
     <span class='ocr_line' id='line_1_38' title="bbox 96 3842 1187 3910; baseline 0.004 -14"><span class='ocrx_word' id='word_1_327' title='bbox 96 3851 160 3898; x_wconf 81' lang='lat' dir='ltr'>et13</span> <span class='ocrx_word' id='word_1_328' title='bbox 178 3853 257 3901; x_wconf 81' lang='lat' dir='ltr'>ebrius</span> <span class='ocrx_word' id='word_1_329' title='bbox 274 3867 335 3902; x_wconf 83' lang='lat' dir='ltr'>euro</span> <span class='ocrx_word' id='word_1_330' title='bbox 358 3851 383 3900; x_wconf 85' lang='lat' dir='ltr'><em>T</em></span> <span class='ocrx_word' id='word_1_331' title='bbox 396 3849 501 3900; x_wconf 67' lang='lat' dir='ltr'>hodera</span> <span class='ocrx_word' id='word_1_332' title='bbox 615 3849 684 3900; x_wconf 80' lang='lat' dir='ltr'>hone</span> <span class='ocrx_word' id='word_1_333' title='bbox 700 3863 805 3899; x_wconf 76' lang='lat' dir='ltr'>nereum</span> <span class='ocrx_word' id='word_1_334' title='bbox 821 3853 935 3910; x_wconf 77' lang='lat' dir='ltr'>murpat</span> <span class='ocrx_word' id='word_1_335' title='bbox 952 3843 1066 3896; x_wconf 71' lang='lat' dir='ltr'>Ioannes</span> <span class='ocrx_word' id='word_1_336' title='bbox 1083 3842 1187 3900; x_wconf 69' lang='lat' dir='ltr'>Soet.</span> 
     </span>
     <span class='ocr_line' id='line_1_39' title="bbox 92 3915 1082 3986; baseline -0.013 -7"><span class='ocrx_word' id='word_1_337' title='bbox 92 3918 138 3978; x_wconf 73' lang='lat' dir='ltr'>nol</span> <span class='ocrx_word' id='word_1_338' title='bbox 155 3921 251 3973; x_wconf 87' lang='lat'><em>11113</em></span> <span class='ocrx_word' id='word_1_339' title='bbox 265 3938 295 3986; x_wconf 84' lang='lat' dir='ltr'>p.</span> <span class='ocrx_word' id='word_1_340' title='bbox 308 3926 363 3973; x_wconf 80' lang='lat'>204</span> <span class='ocrx_word' id='word_1_341' title='bbox 452 3923 565 3972; x_wconf 81' lang='lat' dir='ltr'>edolator</span> <span class='ocrx_word' id='word_1_342' title='bbox 586 3919 724 3972; x_wconf 82' lang='lat' dir='ltr'>Voeeianue</span> <span class='ocrx_word' id='word_1_343' title='bbox 830 3919 911 3983; x_wconf 82' lang='lat' dir='ltr'>pictor</span> <span class='ocrx_word' id='word_1_344' title='bbox 921 3915 1082 3984; x_wconf 71' lang='lat' dir='ltr'>flon&#39;lcpo&#39;om</span> 
     </span>
     <span class='ocr_line' id='line_1_40' title="bbox 99 3987 1084 4061; baseline -0.001 -20"><span class='ocrx_word' id='word_1_345' title='bbox 99 3991 125 4036; x_wconf 82' lang='lat'>15</span> <span class='ocrx_word' id='word_1_346' title='bbox 141 3994 240 4044; x_wconf 79' lang='lat' dir='ltr'>solicitet</span> <span class='ocrx_word' id='word_1_347' title='bbox 256 3993 309 4045; x_wconf 75' lang='lat' dir='ltr'>Aa</span> <span class='ocrx_word' id='word_1_348' title='bbox 426 3995 525 4061; x_wconf 73' lang='lat' dir='ltr'>nuptias</span> <span class='ocrx_word' id='word_1_349' title='bbox 544 3992 577 4056; x_wconf 78' lang='grc' dir='ltr'>θ,</span> <span class='ocrx_word' id='word_1_350' title='bbox 595 3993 695 4057; x_wconf 77' lang='lat' dir='ltr'>nuptiae</span> <span class='ocrx_word' id='word_1_351' title='bbox 714 3989 737 4041; x_wconf 86' lang='lat'><em>0</em></span> <span class='ocrx_word' id='word_1_352' title='bbox 756 3987 904 4052; x_wconf 73' lang='lat' dir='ltr'>Vossianus,</span> <span class='ocrx_word' id='word_1_353' title='bbox 923 3990 1040 4052; x_wconf 77' lang='lat' dir='ltr'>innuptae</span> <span class='ocrx_word' id='word_1_354' title='bbox 1056 3987 1084 4040; x_wconf 86' lang='lat' dir='ltr'><em>P</em></span> 
     </span>
     <span class='ocr_line' id='line_1_41' title="bbox 96 4059 1297 4134; baseline -0.007 -15"><span class='ocrx_word' id='word_1_355' title='bbox 96 4067 300 4130; x_wconf 72' lang='lat' dir='ltr'>proemiospeem</span> <span class='ocrx_word' id='word_1_356' title='bbox 316 4066 344 4116; x_wconf 80' lang='lat' dir='ltr'>el</span> <span class='ocrx_word' id='word_1_357' title='bbox 360 4075 449 4130; x_wconf 79' lang='lat' dir='ltr'>peccet</span> <span class='ocrx_word' id='word_1_358' title='bbox 466 4066 499 4116; x_wconf 83' lang='lat' dir='ltr'>ab</span> <span class='ocrx_word' id='word_1_359' title='bbox 517 4063 608 4115; x_wconf 78' lang='lat' dir='ltr'>endem</span> <span class='ocrx_word' id='word_1_360' title='bbox 623 4079 706 4112; x_wconf 70' lang='lat' dir='ltr'>morae</span> <span class='ocrx_word' id='word_1_361' title='bbox 728 4059 879 4124; x_wconf 58' lang='lat' dir='ltr'>Venusiamn,</span> <span class='ocrx_word' id='word_1_362' title='bbox 902 4066 999 4124; x_wconf 79' lang='lat' dir='ltr'>spectat</span> <span class='ocrx_word' id='word_1_363' title='bbox 1017 4075 1079 4108; x_wconf 74' lang='lat' dir='ltr'>nr„</span> <span class='ocrx_word' id='word_1_364' title='bbox 1097 4073 1189 4124; x_wconf 67' lang='lat' dir='ltr'>marco</span> <span class='ocrx_word' id='word_1_365' title='bbox 1290 4121 1297 4134; x_wconf 43' lang='lat'><em>&#39;</em></span> 
     </span>
     <span class='ocr_line' id='line_1_42' title="bbox 98 4129 1188 4203; baseline -0.007 -16"><span class='ocrx_word' id='word_1_366' title='bbox 98 4129 119 4176; x_wconf 86' lang='lat' dir='ltr'><em>L</em></span> <span class='ocrx_word' id='word_1_367' title='bbox 198 4140 229 4187; x_wconf 86' lang='grc'>16</span> <span class='ocrx_word' id='word_1_368' title='bbox 247 4139 371 4203; x_wconf 68' lang='lat' dir='ltr'>praeiens</span> <span class='ocrx_word' id='word_1_369' title='bbox 389 4137 413 4188; x_wconf 83' lang='lat'><em>0</em></span> <span class='ocrx_word' id='word_1_370' title='bbox 502 4138 576 4186; x_wconf 79' lang='lat' dir='ltr'>heret</span> <span class='ocrx_word' id='word_1_371' title='bbox 593 4133 648 4184; x_wconf 76' lang='lat' dir='ltr'>AF</span> <span class='ocrx_word' id='word_1_372' title='bbox 732 4133 868 4197; x_wconf 77' lang='lat' dir='ltr'>prudencia</span> <span class='ocrx_word' id='word_1_373' title='bbox 885 4137 933 4182; x_wconf 82' lang='lat' dir='ltr'>caet</span> <span class='ocrx_word' id='word_1_374' title='bbox 949 4131 1080 4194; x_wconf 74' lang='lat' dir='ltr'>prudentie</span> <span class='ocrx_word' id='word_1_375' title='bbox 1097 4129 1188 4196; x_wconf 68' lang='lat' dir='ltr'>pennis</span> 
     </span>
     <span class='ocr_line' id='line_1_43' title="bbox 102 4197 1094 4274; baseline -0.007 -15"><span class='ocrx_word' id='word_1_376' title='bbox 102 4197 233 4272; x_wconf 66' lang='lat' dir='ltr'>Vffleianue,</span> <span class='ocrx_word' id='word_1_377' title='bbox 250 4210 381 4274; x_wconf 73' lang='lat' dir='ltr'>pmoenna</span> <span class='ocrx_word' id='word_1_378' title='bbox 397 4225 423 4262; x_wconf 89' lang='grc' dir='ltr'>ο.</span> <span class='ocrx_word' id='word_1_379' title='bbox 441 4225 467 4259; x_wconf 78' lang='lat' dir='ltr'>n.</span> <span class='ocrx_word' id='word_1_380' title='bbox 484 4223 575 4273; x_wconf 64' lang='lat' dir='ltr'>marco</span> <span class='ocrx_word' id='word_1_381' title='bbox 592 4207 618 4257; x_wconf 77' lang='lat'>11</span> <span class='ocrx_word' id='word_1_382' title='bbox 713 4206 744 4254; x_wconf 74' lang='lat' dir='ltr'>la</span> <span class='ocrx_word' id='word_1_383' title='bbox 764 4205 868 4254; x_wconf 52' lang='lat' dir='ltr'>ductae</span> <span class='ocrx_word' id='word_1_384' title='bbox 885 4200 940 4253; x_wconf 69' lang='lat' dir='ltr'>Aa*</span> <span class='ocrx_word' id='word_1_385' title='bbox 954 4199 1094 4252; x_wconf 67' lang='lat' dir='ltr'>Vestiam</span> 
     </span>
     <span class='ocr_line' id='line_1_44' title="bbox 96 4269 1189 4342; baseline -0.007 -16"><span class='ocrx_word' id='word_1_386' title='bbox 96 4285 155 4326; x_wconf 65' lang='lat' dir='ltr'>arces</span> <span class='ocrx_word' id='word_1_387' title='bbox 168 4277 305 4330; x_wconf 79' lang='lat' dir='ltr'>Voeeinmee</span> <span class='ocrx_word' id='word_1_388' title='bbox 392 4295 480 4332; x_wconf 69' lang='lat' dir='ltr'>umas</span> <span class='ocrx_word' id='word_1_389' title='bbox 490 4279 530 4330; x_wconf 81' lang='lat' dir='ltr'>Vl</span> <span class='ocrx_word' id='word_1_390' title='bbox 540 4276 713 4342; x_wconf 72' lang='lat' dir='ltr'>subscriptum</span> <span class='ocrx_word' id='word_1_391' title='bbox 723 4276 750 4326; x_wconf 75' lang='lat' dir='ltr'><em>A</em></span> <span class='ocrx_word' id='word_1_392' title='bbox 823 4277 855 4326; x_wconf 83' lang='lat'>18</span> <span class='ocrx_word' id='word_1_393' title='bbox 868 4276 943 4326; x_wconf 83' lang='lat' dir='ltr'>dnbio</span> <span class='ocrx_word' id='word_1_394' title='bbox 955 4270 999 4335; x_wconf 79' lang='lat' dir='ltr'>Lp</span> <span class='ocrx_word' id='word_1_395' title='bbox 1077 4269 1189 4335; x_wconf 66' lang='lat' dir='ltr'>eappa</span> 
     </span>
    </p>
   </div>
   <div class='ocr_carea' id='block_1_6' title="bbox 952 4357 988 4406">
    <p class='ocr_par' dir='ltr' id='par_1_10' title="bbox 952 4357 988 4406">
     <span class='ocr_line' id='line_1_45' title="bbox 952 4357 988 4406; baseline 0 -20"><span class='ocrx_word' id='word_1_396' title='bbox 952 4357 988 4406; x_wconf 62' lang='grc'>11</span> 
     </span>
    </p>
   </div>
   <div class='ocr_carea' id='block_1_7' title="bbox 0 0 1530 4956">
    <p class='ocr_par' dir='ltr' id='par_1_11' title="bbox 0 0 1530 4956">
     <span class='ocr_line' id='line_1_46' title="bbox 0 0 1530 4956; baseline 0 0"><span class='ocrx_word' id='word_1_397' title='bbox 0 0 1530 4956; x_wconf 95' lang='lat' dir='ltr'> </span> 
     </span>
    </p>
   </div>
  </div>
 </body>
</html>
