3078 4956
616 405 760 460 sannas
1180 409 1241 475 199

83 569 119 620 to
279 539 371 626 muita
384 563 504 643 loquor:
519 562 597 643 quod
614 562 672 637 ris,
687 561 818 625 nummis
833 563 1035 642 praesentibus
1051 572 1135 646 opta,

321 668 349 723 ct
362 662 465 724 veniet.
492 661 622 722 clausum
638 660 773 740 possidet
787 679 852 724 arca
867 661 964 724 Iovem
1177 677 1208 730 10

97 857 114 908 t
184 843 197 929 i
212 845 296 907 infra
310 863 414 908 manus
429 864 510 906 meas
526 775 747 906 camellam*vini
761 847 872 924 posuit,
889 854 917 907 et
933 865 999 909 curn
1015 845 1121 926 digitos
1135 846 1243 926 pariter

131 951 273 1005 extensos
294 945 390 1023 porris
407 945 530 1024 apioque
544 945 709 1020 lustrasset,
730 943 872 1006 avellanas
888 961 978 1007 nuces
994 959 1059 1006 cum
1076 944 1243 1023 precatione

101 1053 113 1102 ⁵
130 1043 236 1103 mersit
255 1043 289 1102 in
307 1043 420 1117 vinum,
439 1050 468 1103 et
487 1042 547 1103 sive
567 1041 597 1103 in
617 1057 767 1104 summurn
783 1041 944 1116 redierant,
961 1043 1021 1105 sive
1036 1042 1241 1120 subsederant,

128 1160 161 1202 ex
174 1141 239 1203 boc
255 1142 452 1204 coniecturam
468 1139 598 1201 ducebat.
629 1157 684 1202 nec
698 1157 745 1200 me
759 1139 878 1204 fallebat
892 1142 993 1204 inanes
1009 1141 1118 1204 scilicet
1133 1155 1166 1203 ae
1178 1143 1241 1205 sine

128 1238 258 1300 medulla
275 1246 408 1300 ventosas
423 1255 512 1300 nuces
528 1239 558 1299 in
573 1256 691 1300 summo
707 1239 832 1301 humore
845 1241 1015 1316 consistere,
1032 1258 1132 1319 graves
1145 1248 1240 1302 autent

129 1343 157 1396 et
170 1337 277 1417 plenas
291 1337 403 1417 integro
417 1336 514 1398 fructu
530 1336 565 1397 ad
582 1336 639 1396 ima
654 1337 759 1399 delerri

213 1522 333 1584 recluso
354 1528 472 1601 pectore
491 1521 612 1583 extraxit
625 1449 821 1583 foriissimum
839 1521 918 1584 iecur
932 1529 961 1583 et
975 1522 1042 1585 indo
1056 1524 1128 1586 mibi
1143 1523 1241 1587 lutura

89 1633 115 1682 tt
131 1621 286 1700 praedixit.
316 1622 418 1694 immo,
435 1638 472 1681 ne
487 1621 566 1700 quod
581 1619 736 1700 vestigium
751 1620 867 1682 sceleris
882 1628 1060 1701 superesset,
1076 1628 1172 1683 totum
1187 1635 1240 1684 en-

131 1735 228 1780 serem
245 1719 401 1782 laceratum
418 1718 544 1780 verubus
560 1717 681 1779 confixit
696 1718 853 1799 epulasque
864 1719 950 1780 etiam
963 1719 1054 1782 lautas
1067 1721 1153 1802 paulo
1166 1729 1240 1796 ante,

131 1823 162 1876 ut
175 1816 243 1898 ipsa
259 1813 379 1892 dicebat,
393 1813 524 1896 perituro
540 1813 652 1896 paravit

217 1971 356 2039 volabant
369 1974 446 2037 inter
460 1973 532 2034 baec
545 1972 681 2052 potiones
697 1990 828 2037 meracae

216 2159 332 2240 proicit
345 2158 496 2222 Oenothea
516 2164 665 2220 scorteum
674 2085 839 2231 iascinum
855 2157 936 2238 quod
951 2165 984 2222 ut
999 2157 1064 2222 oleo
1080 2165 1109 2222 et
1124 2158 1238 2224 minuto
1252 2161 1310 2229 138

206 2367 220 2414 1
239 2380 318 2429 parua
341 2366 429 2428 loquor
453 2363 600 2414 Vincentius
624 2370 649 2414 et
662 2356 871 2430 florilegium.⁸
875 2364 904 2416 in
923 2364 982 2416 aliis
1001 2323 1130 2416 codicibin
1148 2381 1241 2431 magne

134 2429 231 2498 loquor’
252 2433 378 2485 Heinsius
397 2436 442 2500 qni
460 2435 638 2499 adscripscrat
628 2436 728 2485 resulta
852 2437 918 2500 quod
936 2437 974 2485 uis
992 2437 1026 2501 B,
1053 2435 1199 2486 Vincentius
1217 2443 1240 2486 et

130 2506 300 2573 florilepiurn:
319 2507 414 2570 quiduis
433 2507 510 2558 ceteri
616 2521 731 2556 nummos
750 2509 908 2570 prebentibus
933 2505 1087 2557 Vincentius.
1118 2509 1239 2571 praeben·

136 2578 196 2628 tibus
207 2577 367 2646 florilepinnt
500 2586 559 2642 opto
584 2576 730 2629 Vincentius
749 2577 969 2646 Norintberpcnsis
1106 2581 1121 2626 2
1141 2579 1239 2628 eueniet

142 2647 299 2713 Vincentius,
311 2648 481 2736 florilepinrn‚
506 2648 537 2698 de
556 2647 703 2699 coniectura
721 2645 843 2700 Sambatai
862 2658 872 2700 t
881 2649 996 2716 fortasse
1015 2665 1075 2699 aere
1093 2649 1168 2698 utin
1185 2647 1239 2699 Me·

138 2707 251 2772 nnndmco
262 2709 425 2788 ιιινιιιευξαι
444 2739 485 2772 οτι
505 2709 601 2783 barber,
620 2711 697 2770 πάντα
716 2739 756 2770 σοι
775 2739 911 2789 γενησεται.
938 2729 962 2771 et
974 2721 1058 2771 ueniat
1071 2721 1159 2772 clenna
1173 2719 1198 2770 P

138 2795 211 2842 arche
231 2791 303 2844 OGP
317 2789 457 2845 Parisinus
475 2792 579 2844 68421)
580 2791 763 2890 ‚florilepinna
789 2792 937 2844 Vincentius
954 2791 1037 2843 editas
1056 2809 1080 2845 a.
1099 2793 1169 2842 1474

137 2879 220 2914 uersus
237 2865 263 2914 X
280 2863 449 2930 ntbseriptunt
467 2866 493 2914 A

206 2935 247 2986 laic
265 2933 387 2988 desinant
403 2936 463 2988 libri
475 2941 583 3002 praeter
595 2936 655 2999 Lpt.
687 2932 898 2999 subscriptionem
916 2933 1010 2986 liabent
1026 2935 1135 2986 Petronii
1148 2933 1240 2988 Arbitri

138 3005 216 3074 Satyri
232 3009 373 3072 fragmenta
395 3010 529 3073 expliciunt
554 3022 585 3057 ox
602 3008 664 3056 libro
684 3005 868 3070 quintodecimo
888 3015 912 3056 et
931 3008 1099 3058 sextodecimo
1119 3007 1240 3072 A,a1an

141 3077 169 3142 Ο,
186 3095 328 3129 carnosus
346 3095 455 3129 annasse
473 3093 614 3129 serraraoa
632 3093 782 3127 roanrcrraa
798 3093 918 3127 nxrrnorr
930 3079 966 3144 D,
980 3093 1121 3130 rnanonrvs
1140 3093 1240 3128 sarsur-

140 3167 184 3200 cou
198 3167 307 3200 anarrnrs
324 3167 457 3201 rnnrmran
469 3166 588 3200 axrnrcrr
598 3185 604 3199 .
616 3147 735 3200 unios
748 3147 782 3212 Ε,
801 3151 933 3200 Petronius
947 3151 1068 3203 Satiricon
1086 3152 1176 3201 arbiter
1189 3149 1241 3200 linit

139 3235 211 3284 quom
235 3222 304 3272 omni
323 3223 449 3288 diligentia
467 3225 585 3287 scripture
604 3221 769 3272 conmendaui
787 3217 820 3285 F,
845 3221 975 3272 Petronius
993 3223 1091 3272 Arbiter
1110 3221 1240 3288 Satyricon

139 3294 187 3344 linit
205 3293 309 3344 feliciter
328 3293 363 3358 θ
388 3295 458 3347 axel.
476 3293 606 3344 Petronius
626 3291 652 3341 P

206 3365 338 3416 manaan
360 3372 482 3430 quattuor
500 3363 611 3416 derorum
624 3362 687 3430 sere
706 3379 829 3415 nersnurn
846 3362 930 3429 spatie
947 3362 1033 3415 relicto
1049 3362 1189 3426 interponit
1206 3361 1240 3426 t,

139 3451 216 3486 annm
226 3435 255 3486 in
273 3435 355 3486 medio
372 3451 452 3487 uersa
459 3444 498 3501 pt.
524 3435 722 3501 praeponebant
732 3435 809 3501 napo
821 3437 915 3486 interea
927 3436 991 3485 haec
1003 3441 1118 3499 satagens
1131 3449 1241 3520 qnorum

140 3507 312 3558 atnwritatcrn
329 3507 449 3558 indicaui
466 3505 619 3572 adpltt,
641 3510 674 3556 14
801 3507 904 3556 Slntra
921 3505 995 3556 sed
984 3522 1013 3556 tn
1030 3503 1146 3572 marpine
1161 3495 1198 3555 ’.ιι
1219 3520 1239 3555 a.

139 3572 214 3629 laira’
235 3577 260 3628 L
391 3581 475 3630 lihoc
496 3577 678 3630 carantana.
696 3583 744 3629 hae
762 3577 823 3629 libri
951 3579 1117 3628 coniecturam
1136 3577 1242 3626 ducebat

139 3649 243 3700 Donec:
271 3651 412 3701 coniectura
442 3651 539 3700 dicebat
568 3649 636 3700 libri.
673 3649 814 3700 conlectam
842 3650 939 3701 dicebat
969 3647 1148 3699 Wontueriana
1177 3647 1242 3699 anni

141 3725 204 3774 1601
345 3726 358 3772 t
378 3717 455 3773 niues
474 3717 590 3772 uiatores
608 3719 641 3774 L.
679 3719 806 3785 tripertita
825 3720 956 3772 diuiditur
973 3719 1096 3784 inanitas,
1115 3717 1241 3786 tripertita

139 3793 221 3842 atatim
233 3791 371 3858 plenitudo
478 3795 493 3844 8
513 3800 635 3858 quattuor
652 3793 785 3844 asteriacus
803 3791 925 3857 attici,
943 3807 1023 3844 atnam
1036 3808 1058 3856 p
1077 3799 1101 3842 et
1117 3792 1146 3842 in
1158 3807 1242 3842 aacuo

139 3880 214 3914 acran
233 3872 249 3914 t.
279 3863 360 3930 foede
378 3864 567 3930 interpolabant
588 3865 737 3931 ncipatum
756 3865 788 3914 ad
806 3879 920 3916 anserem
938 3865 1063 3929 appellens
1082 3879 1143 3916 sese.
1180 3859 1242 3913 aide

140 3935 174 3985 ccl
186 3953 216 4001 p.
233 3937 340 4000 143,1t
438 3940 452 3987 9
472 3939 581 3988 extrahit
598 3935 643 3989 seri
660 3936 689 3986 in
706 3935 823 4002 marpine
841 3937 949 3987 extraxit
968 3943 977 3986 t
1082 3936 1242 3986 interimam

138 4007 269 4071 Heinsius,
288 4007 480 4058 sordidissimum
501 4005 624 4073 Capenas,
644 4008 775 4058 fortissime
792 4007 906 4059 incertos
1015 4009 1046 4058 10
1065 4007 1115 4058 into
1134 4006 1159 4056 L

140 4081 171 4128 12
189 4086 251 4144 poet
267 4080 366 4143 parauit
388 4080 450 4130 noui
472 4094 563 4131 uersae
582 4079 744 4144 principiam
766 4079 796 4130 in
812 4078 846 4132 L.
882 4081 1004 4132 hennam
1026 4095 1071 4145 epo
1088 4073 1241 4142 sipniflcnua]

135 4149 300 4213 pertinebant
316 4150 383 4202 enine
400 4150 447 4202 illc
465 4150 502 4202 ad
520 4150 715 4216 descriptionem
733 4150 869 4216 epularnrn
942 4154 973 4202 13
988 4157 1049 4216 post
1066 4161 1179 4200 mameae
1192 4153 1242 4197 tres

138 4222 252 4275 astraei
269 4221 298 4274 in
316 4221 349 4288 L,
367 4239 435 4275 tntae
452 4222 481 4274 in
495 4229 529 4287 pt
