3022 4956
208 415 249 480 58
679 412 834 466 rnrnonu

153 575 191 635 51
209 563 323 642 renuti,
343 568 459 630 mabam
474 567 546 630 mibi
561 586 648 648 quam
664 587 781 644 aurunn
801 589 882 633 nunc
896 577 993 632 autem
1008 568 1072 630 vilia
1089 577 1168 630 sunt.
1199 568 1256 632 fuit
1271 577 1318 631 ta-
1338 579 1362 628 tt

210 684 277 728 men
291 665 372 728 faber
386 667 436 746 qui
449 667 517 730 lecit
531 667 656 748 phialam
672 669 800 744 vitream,
815 688 888 749 quae
903 686 964 731 non
979 668 1173 746 frangebatur.
1204 668 1318 729 admis-

210 785 261 826 sus
283 783 350 843 ergo
371 764 524 828 Caesarem
545 773 590 826 est
611 786 677 828 curn
699 785 753 828 suo
776 785 912 841 munere;
928 766 1032 828 deinde
1051 766 1118 827 lecit
1133 768 1319 846 reporrigere

210 865 359 926 Caesarem
376 871 404 924 et
419 864 495 925 illam
511 863 541 924 in
557 864 755 944 pavimentum
767 866 900 945 proiecit.
924 866 1029 926 Caesar
1039 882 1100 925 non
1113 874 1183 944 pote
1195 865 1318 926 validius

210 980 297 1041 quam
313 963 441 1042 expavit3
456 971 486 1024 at
500 962 546 1023 ille
559 962 676 1024 sustulit
687 962 812 1042 phialam
825 964 861 1025 de
871 972 958 1025 terra.
983 963 1080 1024 collisa
1093 971 1155 1024 erat
1164 971 1317 1043 tamquam
1336 981 1352 1028 5

210 1081 312 1124 vasum
328 1078 459 1122 aeneum.
490 1060 595 1122 deinde
611 1062 788 1124 marceolum
804 1062 840 1123 de
855 1063 922 1124 sinu
937 1063 1059 1142 protulit
1074 1069 1103 1122 et
1118 1061 1243 1141 phialam
1257 1062 1318 1122 otia

209 1160 282 1222 belle
308 1159 442 1220 correxit.
477 1160 534 1221 hoe
558 1160 635 1221 lacto
662 1160 782 1238 putabat
801 1180 833 1224 se
853 1161 958 1222 solium
979 1159 1056 1222 loris
1076 1168 1189 1233 tenere,
1218 1160 1320 1239 utique

210 1267 367 1339 postquam
388 1257 496 1318 Caesar
515 1257 554 1318 illi
573 1258 657 1320 dixit:
681 1250 850 1340 “numquid
870 1259 941 1320 alius
962 1259 1017 1320 seit
1035 1259 1111 1319 hanc
1131 1257 1319 1319 condituram

210 1345 415 1419 vitreorumi’'
450 1355 515 1416 vide
539 1357 640 1418 modo.
677 1365 835 1438 postquam
855 1357 983 1437 negarit,
1006 1357 1093 1418 iussit
1112 1355 1194 1417 illum
1214 1349 1336 1418 Caesar

283 1499 403 1550 Isidorus
437 1499 565 1565 cripinata
648 1501 762 1552 Ioannes
768 1500 970 1551 Sarerberlensis
979 1501 1127 1565 policratici
1136 1500 1157 1551 I
1160 1499 1207 1549 1⁷5
1217 1518 1246 1565 p.
1256 1503 1322 1551 232:

211 1572 285 1624 XVI
302 1577 344 1635 16,
363 1578 394 1624 6.·
422 1575 504 1623 serunt
521 1588 563 1621 au·
612 1576 678 1638 apud
697 1575 842 1623 Petronium
861 1574 1012 1622 Trimalchio
1031 1575 1106 1622 refert
1124 1574 1224 1622 fabrum
1244 1575 1319 1622 luisse

213 1659 262 1698 tem
281 1648 326 1696 sub
345 1647 444 1696 'liberio
458 1645 564 1694 Caesare
612 1647 653 1708 qai
667 1646 745 1694 nitrea
764 1661 823 1694 nasa
842 1646 934 1694 laceret
952 1646 1090 1707 tenacitatis
1110 1651 1202 1708 antae,
1222 1652 1249 1693 ut
1268 1660 1320 1693 non

213 1720 335 1785 quendam
355 1719 473 1768 artificem
491 1731 564 1766 exco-
612 1718 691 1780 magis
718 1733 792 1780 quarn
821 1732 896 1766 aurea
924 1718 963 1765 uel
990 1723 1109 1780 argentea
1136 1717 1319 1779 frangerentur.

212 1797 303 1856 gitasse
315 1791 371 1839 uitri
384 1781 566 1853 temperamen3
613 1804 670 1838 curn
689 1804 748 1851 ergo
766 1789 877 1852 phialam
895 1789 1037 1836 huiusmodi
1056 1789 1086 1835 de
1104 1787 1168 1836 uitro
1185 1789 1320 1850 purissimo

212 1875 264 1913 tum
287 1871 314 1912 ut
331 1863 437 1912 flexibile
459 1868 522 1910 esset
540 1867 565 1908 et
614 1869 637 1910 et
656 1862 718 1921 solo,
737 1867 764 1906 ut
781 1860 898 1923 putabat,
918 1861 1018 1922 dignam
1037 1859 1145 1909 Caesare
1165 1859 1320 1916 fabricasset,

213 1935 311 1984 ductile.
337 1935 378 1996 qui
397 1934 457 1981 dum
475 1932 565 1980 admis-
614 1947 670 1981 cnm
695 1946 797 1980 munere
816 1946 860 1980 suo
880 1930 1012 1980 Caesarem
1030 1931 1115 1980 adiens
1134 1931 1255 1978 admissus
1275 1938 1321 1983 est.

213 2021 254 2056 sus
273 2006 359 2053 fnisset
378 2005 408 2052 ad
423 2003 564 2065 Caesarem,
613 2004 712 2051 laudata
735 2009 773 2051 est
795 2002 889 2066 species
917 2003 1037 2064 muneris,
1067 2003 1242 2051 commendata
1266 2017 1321 2050 ma-

212 2077 322 2143 porrexit
334 2075 442 2139 phialam
458 2074 566 2134 Caesari,
614 2090 660 2122 nus
679 2074 788 2135 artificia,
806 2081 935 2137 acceptata
954 2081 991 2122 est
1009 2074 1107 2122 deuotio
1126 2074 1252 2121 donantis.
1281 2074 1321 2120 ia·

214 2162 289 2213 quam
313 2147 353 2194 ille
377 2146 518 2208 indignatus
540 2146 565 2192 in
614 2147 658 2194 ber
676 2159 736 2194 uero
755 2152 782 2193 ut
800 2145 988 2194 admirationem
1006 2146 1154 2194 inurentium
1172 2152 1281 2193 uerteret
1292 2146 1320 2192 in

214 2219 385 2284 pauimentum
397 2217 507 2279 proiecit.
526 2231 566 2264 ar·
616 2223 743 2280 stuporem
768 2223 793 2264 et
811 2217 855 2264 sibi
874 2216 970 2279 plenius
988 2217 1094 2279 gratiam
1113 2217 1255 2265 conciliaret
1274 2217 1320 2264 im-

214 2291 275 2339 tifex
292 2295 375 2336 autem
387 2287 484 2335 sustulit
495 2287 566 2351 phia-
615 2289 742 2351 paratoria,
761 2288 864 2351 petitam
883 2289 912 2336 de
931 2303 1006 2336 manu
1020 2287 1132 2337 Caesaris
1150 2288 1262 2350 phialam
1281 2302 1321 2336 re-

214 2363 264 2412 lam
283 2361 314 2409 de
332 2359 483 2422 pauimento,
503 2373 565 2421 quae
616 2360 693 2422 cepit,
718 2373 823 2422 eamque
846 2359 949 2407 ualidius
974 2359 1077 2423 proiecit
1099 2360 1124 2406 in
1147 2360 1322 2422 pauimentum

215 2433 392 2496 complieuerat
409 2446 436 2480 se
447 2437 565 2493 tanquam
615 2437 684 2480 tanto
703 2431 804 2494 impetu,
823 2437 850 2479 ιιι
866 2445 913 2479 nec
926 2431 1070 2479 solidissima
1084 2436 1108 2478 ct
1120 2431 1323 2479 constantissima

214 2521 258 2554 uas
271 2519 385 2564 aeneum,
401 2503 489 2552 deinde
502 2518 567 2551 mar·
616 2503 679 2550 aeris
697 2503 801 2550 materia
819 2507 931 2551 maneret
948 2501 1040 2553 illaesa.
1075 2501 1166 2550 Caesar
1184 2509 1269 2550 autem
1288 2503 1322 2549 ad

215 2579 297 2626 culum
325 2577 356 2624 dc
386 2577 441 2624 sinu
467 2575 567 2638 protulit
615 2575 680 2622 haec
698 2588 748 2622 non
772 2574 851 2636 magis
875 2574 968 2635 stupuit
990 2588 1065 2634 quam
1084 2573 1192 2636 expauit.
1235 2581 1263 2620 at
1280 2573 1322 2622 ille

215 2657 239 2699 et
251 2650 361 2713 phialam
375 2647 489 2696 correxit.
516 2648 566 2694 hoe
616 2645 646 2693 de
665 2652 730 2694 terra
743 2645 841 2693 sustulit
853 2644 971 2706 phialam,
989 2659 1053 2706 quae
1065 2645 1164 2706 quidem
1176 2659 1227 2691 non
1241 2644 1323 2691 tracta

216 2722 281 2769 lacto
296 2719 389 2769 Caesar
408 2719 469 2766 dixit
481 2717 566 2766 artifici
617 2724 670 2765 erat
687 2716 730 2764 sed
749 2716 845 2780 collisa,
865 2731 894 2764 ac
913 2715 933 2762 si
952 2716 1014 2763 aeris
1033 2716 1169 2763 substantia
1189 2715 1245 2764 uitri
1265 2730 1322 2777 spe·

211 2781 342 2853 ‘numquid
361 2790 422 2837 alius
442 2789 567 2836 scithanc
617 2789 681 2836 ciem
703 2788 828 2836 induisset
865 2786 952 2835 deinde
976 2787 1117 2834 martiolum
1141 2786 1171 2834 de
1190 2787 1245 2834 sinu
1263 2801 1324 2849 pro-

216 2863 370 2910 condituram
389 2860 509 2908 uitrorum
520 2858 567 2920 [ui·
618 2859 699 2908 serens
718 2859 805 2906 uitium
825 2857 927 2920 [nitrum
946 2857 1005 2918 alii]
1026 2858 1134 2906 correxit
1151 2858 1280 2920 aptissime
1299 2865 1325 2906 et

215 2933 246 2980 tri
265 2922 475 2995 ecl.princeps]l’
500 2937 567 2992 post·
618 2938 736 2992 tanquam
760 2929 872 2978 collisum
895 2945 939 2978 uas
963 2929 1054 2978 crebris
1078 2929 1165 2978 ictibus
1189 2930 1325 2992 separauit.

158 3056 161 3062 ¹
216 3019 291 3066 quam
310 3002 348 3050 ille
361 3002 444 3049 iurans
466 3000 568 3064 negauit
618 3015 667 3062 quo
690 3001 757 3049 facto
781 3016 806 3050 se
826 3001 923 3049 coelum
941 3001 1008 3048 louis
1027 3007 1111 3049 tenero
1131 3000 1243 3062 [cernere
1264 2999 1324 3063 alit]

216 3163 341 3229 scriptum
359 3157 391 3210 ab
410 3159 506 3209 Iabnio
524 3159 628 3210 inueni:
647 3165 713 3208 certe
731 3162 818 3209 nolunt
831 3159 867 3212 H.
904 3166 985 3209 certae
1005 3161 1093 3209 nolunt
1112 3157 1224 3210 Orellias
1243 3161 1326 3210 cauil-

216 3236 269 3286 lari
295 3231 508 3284 llimaleltionera
531 3229 703 3280 Foetaunatant
725 3247 799 3281 suam
822 3232 955 3296 opinatus,
985 3233 1044 3280 certi
1069 3232 1112 3280 uel
1135 3232 1209 3281 certei
1236 3233 1327 3280 nolant

217 3307 347 3360 Antoniae
365 3313 390 3357 et
409 3303 522 3354 Oriolias
535 3319 566 3368 p.
580 3305 622 3363 27,
642 3304 732 3352 caeteri
751 3305 829 3352 nolint
842 3310 985 3368 praeeunte
1003 3301 1133 3368 Scbeffero
1151 3301 1278 3352 Heinsius

289 3384 303 3430 2
323 3381 405 3430 fialam
423 3373 459 3439 H,
478 3376 537 3426 itera
555 3391 580 3426 a.
601 3377 615 3423 5
636 3381 661 3423 et
678 3377 692 3423 6
820 3377 834 3423 3
854 3377 885 3424 ad
906 3375 1039 3424 Caesarem
1057 3373 1181 3424 Heinsius

217 3457 233 3501 4
253 3453 386 3503 Caesarem
404 3447 562 3514 Sebeffcras:
582 3447 659 3496 cesam
678 3444 714 3500 H.
747 3447 816 3509 petiit
827 3448 981 3510 reporrigere
995 3445 1094 3495 Caesari
1107 3444 1240 3495 Heiraias.
1258 3446 1329 3495 male

217 3524 279 3574 baec
298 3523 392 3587 cepisse
410 3521 491 3572 elucet
507 3519 641 3570 Isidorum
784 3517 888 3583 ualidius
907 3516 942 3569 H.
979 3517 1090 3567 uoluisse
1103 3525 1170 3582 pato
1188 3514 1328 3566 librarium

217 3595 321 3658 rralidius
339 3593 369 3642 id
388 3600 424 3640 est
440 3593 542 3641 ualdius.
579 3589 681 3654 ellipsin
706 3587 772 3638 barac
794 3588 947 3640 consimilem
965 3586 1004 3637 illi
1021 3589 1111 3637 mirum
1130 3595 1251 3651 quantum
1270 3605 1329 3638 cant

217 3662 407 3716 saccea-terat
419 3661 536 3726 corrupit
553 3661 663 3710 Weblius
671 3677 702 3725 p.
713 3663 748 3709 24
866 3662 880 3709 5
894 3668 973 3722 tamq3
989 3659 1035 3709 bec
1047 3667 1085 3708 est
1095 3667 1195 3722 tamque
1208 3658 1243 3707 H

218 3737 233 3784 6
253 3732 529 3796 marceolumscripsi:
554 3734 695 3782 martiolum
713 3731 755 3794 H,
779 3730 982 3782 Saresberiensis
1005 3730 1079 3781 euius
1102 3730 1162 3781 libri
1184 3747 1236 3780 non
1260 3730 1329 3780 nielli

217 3806 356 3855 marculum
381 3803 474 3852 babere
490 3801 634 3867 seruatam
658 3805 796 3852 marculum
821 3802 950 3855 Isidorus.
987 3819 1085 3851 marcus
1113 3803 1237 3852 marculus
1262 3819 1329 3852 mar-

218 3878 293 3926 cellus
318 3874 420 3939 antiqui
444 3872 576 3937 dicebant,
605 3874 743 3923 tlitteram
761 3874 946 3925 subsataebant
962 3873 1135 3924 Bornaneases
1279 3876 1328 3923 cito

218 3946 350 3997 Pariana.
388 3947 412 3994 in
432 3946 482 3994 otio
501 3945 543 3994 uel
561 3946 638 3994 otiose
657 3946 895 4009 interpretabantur
912 3944 1056 4010 Sebefferas
1075 3953 1098 3994 et
1113 3944 1239 3994 Heinsius

220 4023 233 4070 i
254 4018 342 4067 solium
364 4015 502 4068 Heinsius:
529 4018 626 4066 coleum
650 4017 756 4082 mirifice
781 4017 816 4068 H.
854 4019 951 4068 coelum
974 4015 1189 4079 Cereales-lensia,
1218 4013 1329 4080 Scbcffe-

219 4106 265 4142 ria
408 4091 423 4136 8
443 4087 536 4138 Caesar
554 4086 649 4137 addidi
667 4088 730 4153 quia
747 4090 786 4138 ille
806 4089 834 4140 ia
852 4089 901 4139 leae
918 4087 1069 4139 narratione
1088 4088 1181 4152 abique
1200 4087 1330 4152 accipitur

212 4162 300 4228 saber.
336 4161 376 4209 ille
390 4175 442 4223 pro
462 4157 573 4210 Caesare
592 4160 705 4210 coercuit
721 4159 847 4210 Heinsius
954 4161 1065 4224 nunquid
1083 4159 1117 4210 H
1219 4161 1234 4206 9
1255 4160 1329 4208 uitro-

219 4250 275 4285 rnm
293 4231 422 4296 Isidorou,
441 4247 494 4282 nen
512 4229 546 4283 H
558 4238 605 4282 arat
621 4228 824 4281 Saresbeaiensia
