3008 4962
312 456 443 499 xxxxvnl

314 589 394 651 Circe
414 599 440 650 el
453 587 608 668 Polyaeno,
623 593 655 651 in
665 593 772 670 primis
783 612 813 670 p.
827 591 898 662 201,
916 592 926 651 l
947 594 1007 652 sive
1021 590 1191 652 recordotns
1205 593 1263 652 sioe
1279 593 1415 653 imicotns.

313 699 388 778 qnod
408 701 555 769 nicoeni,
571 717 609 760 en
624 699 768 761 consimili
781 699 874 760 sindio
890 698 1010 778 lnsnpne
1023 698 1110 778 focile
1126 700 1276 760 credemus.
1287 698 1360 760 illos
1373 702 1414 758 in-

312 805 514 885 terpoloo'ones
539 810 702 868 corminnm
727 817 807 870 ortos
827 825 886 869 esse
905 826 977 888 qnos
994 812 1026 868 in
1042 826 1073 887 p.
1092 807 1151 868 178
1167 818 1193 869 el
1210 807 1269 870 190
1296 805 1417 868 Wollins

312 924 340 974 et
359 931 408 992 epo
430 914 645 996 deprehendisse
663 915 746 977 nolis
764 917 907 977 videmur.
939 915 1061 995 epistello
1082 926 1177 976 ontern
1197 915 1251 976 illo
1272 917 1417 976 omocon’o

311 1020 380 1084 loeo
395 1033 449 1084 est:

454 1130 579 1192 Candida
594 1131 714 1192 sidereis
729 1132 887 1194 ardescunt
899 1131 1007 1192 lumina
1023 1132 1158 1202 flammis,

451 1238 580 1300 fundunt
594 1240 665 1301 colla
680 1259 764 1301 rosas
779 1248 807 1300 et
822 1241 898 1301 cedit
912 1241 1040 1301 crinibus
1056 1259 1168 1315 aurum,

454 1347 553 1407 mellea
568 1365 748 1426 purpureum
764 1349 942 1426 depromunt
958 1368 1011 1420 orat
1024 1349 1160 1409 ruborem
1197 1375 1208 1388 ,.
1250 1354 1253 1366 '

455 1455 602 1534 lacteaque
617 1455 761 1517 admixtus
777 1456 915 1518 sublimat
926 1465 1045 1536 pectora
1060 1455 1190 1536 sanguis,

455 1582 488 1638 ao
502 1571 582 1624 totus
597 1563 648 1624 tini
664 1565 752 1625 servit
767 1565 864 1625 honor
878 1565 1031 1644 formaque
1047 1565 1165 1627 dearum

452 1671 545 1750 fulges
561 1681 590 1733 et
604 1674 743 1734 Venerem
761 1674 873 1734 caelesti
891 1693 1015 1753 corpore
1030 1673 1131 1734 vincis.

453 1788 572 1858 argento
589 1789 647 1842 stat
661 1783 733 1842 facta
751 1801 855 1844 manus
871 1783 1026 1860 digitisque
1041 1781 1153 1842 tenellis

454 1889 551 1951 Serica
565 1890 611 1952 iila
628 1891 746 1952 trahens
764 1891 891 1970 pretioso
908 1891 1033 1952 stamine
1047 1890 1132 1950 lodis.

453 1997 550 2076 planta
565 1999 671 2058 decens
688 1998 779 2058 nescit
793 1999 926 2059 modicos
942 1999 1050 2059 calcare
1065 1998 1178 2078 lapillos

454 2111 482 2164 et
496 2105 566 2166 dura
582 2106 654 2166 laedi
671 2106 766 2167 scelus
782 2115 827 2167 est
842 2107 959 2186 vestigia
968 2113 1059 2167 terra.
1161 2151 1165 2166 .

451 2212 514 2291 ipsa
530 2221 598 2273 tuos
615 2231 679 2274 cum
696 2216 769 2274 ierro
786 2215 853 2276 velis
871 2234 922 2293 per
936 2215 992 2277 lilia
1007 2233 1135 2293 gressus,

452 2321 547 2381 nullos
562 2321 710 2384 interimes
726 2323 825 2384 leviori
841 2324 971 2403 pondere
986 2325 1083 2384 liores,

453 2437 567 2506 guttura
582 2448 661 2491 nune
682 2431 752 2492 aliae
768 2431 916 2510 magnisve
932 2431 1095 2493 monilibus·
1104 2440 1209 2492 ornent

452 2545 501 2600 aut
515 2557 645 2619 gemmas
662 2547 761 2618 aptent
776 2540 875 2619 capiti:
891 2547 921 2600 tn
939 2541 1000 2600 sola
1017 2540 1129 2618 placere

379 2663 409 2712 15
453 2647 495 2707 vel
511 2648 633 2726 spoliata
648 2656 742 2728 potes
772 2649 840 2710 nulli
857 2648 998 2710 laudabile
1013 2656 1107 2710 toturn
1124 2656 1182 2709 est:

449 2749 482 2815 'in
497 2764 525 2816 te
541 2764 641 2817 concta
658 2757 765 2836 probat
780 2757 804 2817 si
820 2757 973 2836 quisquam
991 2775 1108 2818 cernere
1124 2757 1227 2836 possit.

452 2862 588 2923 Sirenum
605 2870 707 2924 cantus
723 2872 751 2924 ot
766 2865 858 2924 driloia
875 2857 980 2943 plectra
997 2865 1114 2925 Thaliae

450 2971 485 3031 ad
502 2990 602 3032 vocem
618 2971 744 3032 tacuisse
760 2991 835 3044 reor,
853 2991 907 3050 qua
924 2973 1006 3033 mella
1021 2992 1166 3053 propagas

451 3078 542 3139 dulcia
559 3086 587 3139 el
602 3079 630 3138 in
647 3079 771 3140 miseros
787 3081 877 3140 telum
895 3080 1025 3143 iocularis
1041 3083 1159 3144 arnonis.

455 3187 599 3264 [languen
616 3186 727 3259 deficio,
743 3207 901 3261 marcesco,
917 3191 1033 3268 punior,
1050 3209 1130 3261 uror,

451 3302 562 3367 aestuo,
577 3294 703 3374 suspiro,
721 3315 818 3374 pereo,
834 3297 971 3370 debelles,
986 3299 1105 3376 anhelo]

450 3422 502 3466 cor
516 3423 602 3483 grave
617 3405 720 3466 vulnus
736 3405 785 3465 alit
796 3404 876 3465 nullo
893 3406 1020 3468 sanabile
1035 3408 1123 3480 ferro,

450 3514 501 3574 sed
516 3521 564 3575 tua
580 3513 658 3575 labra
674 3533 739 3574 moo
757 3533 874 3575 saevum
890 3515 927 3574 de
941 3516 1030 3576 corde
1044 3516 1175 3576 dolorem

450 3620 594 3699 depellant
608 3622 805 3700 morbumque
820 3621 933 3696 animae
944 3623 1143 3684 medicaminis
1158 3624 1243 3686 huius

396 3742 406 3756 ”
454 3745 522 3788 cura
537 3728 625 3806 fuget
640 3748 677 3789 ne
691 3737 768 3791 tanto
785 3738 883 3808 putres
900 3730 1031 3791 violentia
1046 3749 1151 3793 nervos
1248 3770 1250 3776 π

452 3834 578 3895 dissecet
591 3842 677 3914 atque
691 3843 757 3896 tuae
773 3838 881 3899 moriar
895 3855 949 3915 pro
966 3837 1088 3901 crimine
1104 3860 1216 3902 causae.

451 3943 502 4003 sed
519 3941 545 4011 si
560 3943 617 4003 hoo
631 3943 739 4020 grande
754 3952 849 4022 putas,
866 3943 970 4004 saltem
987 3948 1114 4009 concede
1130 3949 1259 4028 precanti

452 4050 553 4110 utiam
569 4050 738 4111 defunctum
754 4050 845 4112 niveis
861 4050 970 4112 ambire
985 4051 1099 4116 lacertis

451 4157 578 4238 digneris
594 4157 738 4237 vitamque
753 4158 825 4218 mihi
840 4158 979 4239 postlata
995 4161 1126 4224 reducas
