3078 4956
649 421 860 476 FRAGMENTA

426 568 591 639 tiuverunt'
606 584 694 657 caput
708 578 798 640 estid
814 579 974 642 hexametri
989 615 1031 626 —

333 689 394 742 1111
440 676 521 755 qnod
535 683 628 739 restat
638 671 767 757 ‘segetes
784 695 883 740 meum
898 671 1048 754 laborem,

440 774 496 835 tale
510 781 555 835 est
569 792 623 837 eeu
632 766 753 856 ‘triplici
768 774 850 837 vides
866 783 899 838 ut
913 783 980 840 artu

440 871 550 936 Triviae
565 879 679 934 rotetur
692 871 769 951 ignis

439 970 609 1051 volucrique
623 969 763 1033 Phoebus
779 989 832 1032 axe

334 1085 400 1138 1111
442 1071 578 1154 rapidum
593 1079 723 1150 pererret
737 1059 856 1134 orbem’

268 1193 337 1242 285³
362 1193 441 1242 Musis
460 1207 518 1242 enm
536 1191 688 1241 Danaeius:
711 1189 836 1241 Musieurn
854 1189 1064 1242 Mediolanensis.
1102 1190 1147 1242 laos
1165 1193 1306 1244 uersiculos

190 1263 238 1328 qni
259 1263 446 1316 Ammontem
463 1262 648 1313 Anacreonteis
671 1261 808 1314 laudatum
832 1278 850 1312 a
868 1263 988 1314 Petronio
1011 1277 1064 1313 esse
1082 1263 1231 1327 ostendunt,
1255 1282 1307 1315 non

190 1343 346 1399 receperunt
362 1335 431 1386 inter
448 1334 574 1399 reliquiae
593 1333 780 1398 Petronimsae,
799 1342 951 1398 receperunt
968 1343 1053 1384 autem
1071 1343 1175 1386 anmore
1194 1335 1307 1386 Dmsiele

191 1405 437 1474 hendecasyllabum
450 1421 553 1457 uersum
566 1407 633 1455 2857
649 1420 723 1470 quem
733 1404 920 1456 Petronianum
931 1421 984 1456 esse
996 1423 1048 1456 non
1059 1405 1139 1471 liquet
1201 1409 1305 1458 2862-

193 1480 269 1538 2865
289 1477 405 1530 Petronio
423 1475 546 1543 adsipnat
568 1475 750 1528 Terentianum
768 1476 914 1542 enprimene
925 1477 1029 1528 Marius
1047 1476 1193 1530 Viatorinns
1212 1478 1244 1529 cle
1257 1494 1306 1529 me-

194 1549 245 1600 tris
272 1548 340 1600 ΙΙΙΙ
361 1553 376 1600 1
398 1552 511 1614 112601
531 1548 562 1603 P.
581 1547 621 1601 tis
645 1547 732 1600 uerbis
753 1557 860 1598 metrum
884 1551 929 1601 erit
954 1551 1140 1600 Anacreontion
1164 1552 1184 1602 si
1207 1552 1306 1616 quidem

194 1637 227 1670 eo
248 1621 441 1685 frequentissime
458 1636 518 1670 usas
536 1621 575 1682 sit,
593 1621 637 1669 sed
656 1628 680 1670 et
698 1619 764 1685 apud
784 1634 829 1670 nos
847 1621 965 1684 plerique,
983 1623 1046 1670 inter
1065 1636 1127 1684 quos
1140 1623 1240 1672 Arbiter
1259 1623 1303 1672 Ss-

195 1693 292 1756 tyrieon
309 1695 342 1743 ite
356 1683 460 1757 ‘triplici
474 1684 625 1745 ...orbem’
715 1691 784 1741 2863
803 1691 928 1756 repetitur·
945 1708 963 1741 a
984 1691 1138 1742 Terentiano
1154 1708 1180 1746 n.
1194 1695 1263 1743 ‘2872
1283 1701 1307 1743 et

198 1765 284 1822 28733
296 1765 470 1814 usas-2865
483 1779 535 1814 non
547 1761 647 1814 odieeio
659 1761 777 1814 Petronii
786 1762 888 1816 nornine
900 1777 914 1814 o
929 1762 1082 1816 Terentiano
1094 1762 1231 1828 desumpsit
1238 1763 1305 1814 Mal·

198 1835 252 1885 lius
266 1833 411 1886 ratramno
429 1834 462 1885 de
479 1835 566 1886 metris
590 1832 615 1882 V
618 1851 648 1900 p.
663 1836 698 1886 32
710 1834 869 1902 Hensinpem'
971 1837 1040 1886 2864
1060 1835 1101 1884 axi
1113 1834 1221 1886 Mallius

199 1908 269 1957 ‘2865
286 1909 383 1958 rutilum
395 1905 512 1959 Mollior.
535 1914 615 1956 totum
627 1903 745 1973 Sooliyer
762 1906 791 1956 in
802 1903 927 1956 Leidensi
944 1921 990 1959 eno
1003 1903 1124 1958 Petronio
1135 1913 1160 1956 et
1177 1905 1306 1957 eolaleoas

281 2171 433 2236 Diomedes
446 2176 478 2236 in
490 2183 553 2235 orte
567 2153 618 2233 1'11
626 2192 658 2254 p.
675 2171 783 2234 518111
805 2180 834 2236 et
852 2172 924 2236 iliud
944 2171 1013 2235 hinc
1032 2180 1078 2235 est
1091 2191 1207 2238 aemma
1223 2174 1303 2256 quod

201 2270 310 2334 Arbiter
324 2271 394 2334 terit
407 2272 464 2334 tale

563 2361 655 2452 fanus
670 2377 785 2431 recocta
800 2369 868 2432 rino

582 2466 775 2531 trementibus
789 2458 913 2531 labellis’

265 2597 338 2653 apte,
365 2596 394 2640 ut
420 2588 562 2653 eaemplmn
579 2604 694 2653 porram,
723 2587 880 2640 conueniunt
902 2586 950 2638 illo
972 2587 1001 2638 in
1028 2587 1185 2638 sacerdotem
1209 2587 1305 2653 Priapi

194 2659 398 2796 pgesslllllm
410 2677 440 2726 p.
456 2663 515 2724 191,
535 2663 548 2710 7
570 2659 632 2713 sord.
651 2675 680 2724 p.
696 2661 756 2722 196,
773 2661 805 2710 18
933 2658 965 2710 de
982 2659 1059 2710 1111111·
1073 2674 1167 2725 ponere
1185 2659 1305 2727 conseras

710 2868 791 2932 XXII

279 2974 398 3056 Serpins
416 2977 449 3036 in
468 2961 620 3036 editionem
638 2969 673 3033 11
684 2971 796 3036 Donati
804 2992 836 3054 p.
849 2970 975 3035 lotar.-
996 2974 1066 3036 item
1087 2974 1215 3050 Quirites
1235 2974 1306 3037 dicit

198 3091 319 3138 numero
334 3077 449 3138 tentum
464 3072 578 3153 plurali.
604 3072 654 3134 sed
668 3070 793 3152 legimus
805 3071 882 3152 apud
894 3071 1049 3138 Horatium
1060 3075 1140 3138 hunc
1151 3073 1304 3150 Quiritem.

197 3180 277 3235 vetus
303 3171 503 3234 nominativus
529 3169 577 3232 hio
596 3169 705 3246 Quiris.
739 3168 816 3230 idem
837 3169 976 3236 Horatius
999 3164 1082 3253 ‘quis
1107 3181 1135 3235 te
1154 3173 1307 3236 redonavit

198 3271 338 3344 Quiritem
359 3270 403 3334 dis
423 3259 561 3351 patriisi'
576 3269 658 3332 ouius
678 3268 878 3333 nominativus
893 3272 949 3334 erit
963 3271 1010 3336 hia
1024 3272 1169 3362 Quirites,
1190 3279 1223 3333 ut
1237 3272 1307 3336 dicit

197 3369 353 3432 Petronius

277 3467 432 3548 Pompeius
450 3469 482 3530 in
497 3476 655 3530 commemo
671 3469 744 3529 artis
758 3465 870 3530 Donati
877 3487 910 3549 p.
923 3464 984 3529 161
989 3465 1027 3528 L:
1049 3485 1137 3529 neme
1160 3465 1229 3528 dicit
1239 3456 1305 3528 ‘hio

197 3558 338 3643 Quiritos'
354 3567 404 3628 sed
416 3555 463 3627 ‘hi
474 3558 616 3640 Quirites'
630 3565 697 3630 lieet
709 3566 867 3646 legerimus
882 3567 948 3628 hoc.
977 3565 1064 3644 legite
1078 3565 1109 3626 in
1120 3565 1260 3627 Petronio
1276 3572 1306 3626 et

196 3666 347 3729 invenietis
363 3665 399 3728 de
412 3664 594 3728 nominativo
610 3665 749 3744 singulari
765 3666 823 3727 hoa
836 3666 956 3730 iactum.
984 3672 1013 3727 et
1027 3664 1066 3726 ait
1077 3663 1234 3726 Petronius
1246 3654 1306 3726 ‘hio

196 3754 336 3840 Quirites'
353 3781 477 3825 numero
494 3761 633 3842 singulari

264 3907 366 3952 innato
389 3901 490 3962 Quiritis
517 3900 675 3952 mminaano
702 3898 753 3966 (ita
779 3899 848 3952 enin
870 3898 1019 3964 scripserat,
1038 3917 1090 3951 non
1108 3900 1224 3966 Quirites,
1244 3898 1307 3950 niele

195 3973 329 4025 Prisaiam
345 3971 658 4039 annullaretis.)
675 3971 728 4024 nisi
744 3970 774 4024 in
792 3972 905 4022 earmina
922 3972 970 4023 nin
984 3979 1088 4038 poterat
1104 3972 1241 4024 Petronius
1259 3971 1305 4022 nti.

195 4044 254 4096 111111
277 4043 457 4112 oomiqenslmn
481 4059 534 4096 esse
554 4061 581 4109 p.
598 4046 687 4108 1114
706 4052 853 4108 emptosque
871 4051 895 4094 et
913 4046 928 4094 5
948 4043 1089 4094 seeundum
1107 4052 1178 4094 testes
1196 4041 1304 4107 loeupl-

196 4117 303 4168 tissimos
321 4119 394 4168 uertit
413 4115 559 4168 coniectura
571 4115 692 4168 Dmsielis
711 4123 747 4166 est
764 4113 829 4164 aaut
845 4130 907 4166 suase
924 4115 1063 4166 ternermia
1170 4115 1238 4165 luno
1257 4112 1305 4163 Pe·

196 4190 306 4240 tronium
334 4189 380 4254 qni
397 4187 529 4253 putabam
549 4187 747 4256 praenotationem
760 4185 861 4252 fnisse,
882 4179 1014 4253 ‘qnidam’
1035 4205 1053 4237 a
1070 4186 1183 4236 Daniele
1201 4199 1305 4234 oerame-

194 4261 286 4313 moruti
309 4267 334 4312 et
351 4259 445 4313 danda
464 4259 616 4327 1111111111,
635 4257 802 4326 praesidiante
821 4266 945 4324 poterant
967 4257 1123 4324 opinationis
1140 4271 1203 4308 suae
1216 4263 1306 4321 petere
