3022 4956
580 435 722 490 serram
756 495 770 542 ¹,
1145 443 1203 507 101

70 600 89 653 b
104 593 284 674 gymnasium
300 592 452 668 deducere,
468 611 521 672 ego
537 591 632 654 studia
647 591 709 656 eius
726 594 871 669 ordinare,
887 613 942 674 ego
958 595 1064 659 docere
1074 616 1108 662 ac
1119 615 1205 680 prae·

103 693 203 774 cipere,
220 712 258 755 ne
273 693 339 773 quis
355 692 509 774 praedator
524 691 658 771 corporis
674 693 875 756 admitteretur
890 693 920 755 in
935 694 1057 758 domum

638 811 659 851 a

180 889 258 949 forte
279 887 398 949 cumin
416 885 543 948 triclinio
563 885 740 961 iaceremus,
761 887 827 966 quia
849 887 910 949 dies
931 888 1081 952 sollemnis
1103 890 1205 953 ludum

104 991 241 1048 artaverat
260 986 466 1065 pigritiamque
484 985 637 1047 recedendi
657 985 839 1064 imposuerat
853 985 982 1048 hilaritas
997 987 1126 1066 longior,
1146 990 1207 1052 fere

76 1094 88 1142 5
105 1085 173 1146 circa
189 1084 315 1145 mediam
335 1092 452 1146 noctem
468 1084 592 1146 intellexi
608 1103 733 1163 puerum
748 1084 872 1164 vigilare.
903 1084 1000 1164 itaque
1014 1085 1205 1150 timidissimo

103 1202 249 1244 murmure
260 1190 361 1244 votum
373 1183 428 1245 feci
441 1191 470 1244 et
479 1173 643 1245 “domina'’
657 1183 776 1263 inquam
788 1173 808 1202 “
815 1184 921 1258 Venus,
938 1183 963 1244 si
976 1201 1030 1260 ego
1043 1185 1122 1247 hunc
1133 1203 1205 1265 pue·

102 1300 164 1343 rum
179 1282 340 1355 basiavero‚
355 1281 393 1341 ita
408 1286 442 1341 ut
456 1280 502 1341 ille
517 1300 578 1343 non
594 1281 714 1355 sentiat,
731 1300 794 1343 cras
809 1280 848 1342 illi
864 1299 917 1359 par
932 1280 1134 1345 columbarum
1151 1285 1206 1346 do·

103 1371 209 1442 nabo”.
231 1380 330 1441 audito
343 1379 500 1458 voluptatis
512 1380 607 1461 pretio
620 1398 693 1459 puer
708 1386 830 1441 stertere
843 1380 947 1459 coepit.
978 1381 1075 1460 itaque
1088 1400 1207 1461 aggres-

104 1498 150 1540 sus
173 1478 361 1541 simulantem
386 1477 498 1557 aliquot
519 1478 638 1540 basiolis
661 1477 762 1539 invasi.
800 1484 956 1541 contentus
978 1479 1036 1540 hoc
1061 1479 1205 1562 principio

65 1577 174 1639 lobene
190 1595 277 1639 mane
293 1575 406 1637 surrexi
422 1575 603 1654 electumque
620 1594 673 1655 par
689 1575 891 1638 columbarum
907 1577 987 1639 attuli
1000 1581 1161 1659 expectanti
1174 1600 1208 1643 ac

98 1692 147 1738 'me
161 1684 230 1738 voto
246 1674 349 1738 exolvi.
379 1673 512 1753 proxima
532 1683 619 1737 nocte
635 1693 700 1737 cum
716 1674 793 1736 idem
809 1675 915 1750 liceret,
930 1677 1038 1738 mutavi
1055 1677 1205 1757 optionem
1223 1676 1263 1742 86

105 1781 131 1836 et
145 1766 195 1836 “si
211 1763 310 1836 hunc'’
330 1773 449 1852 inquam
461 1762 649 1835 “tractavero
664 1772 800 1852 improba
815 1789 905 1834 manu
925 1780 953 1833 et
967 1773 1012 1834 ille
1026 1791 1089 1835 non
1103 1792 1207 1837 sense-

104 1872 147 1946 rit,
163 1872 253 1952 gallos
270 1872 441 1949 gallinaceos
457 1869 693 1950 pugnacissimos
706 1870 781 1932 duos
793 1869 911 1932 donabo
923 1862 1073 1950 patienti.''
1102 1873 1209 1935 adhoc

104 1979 202 2032 totum
217 1969 347 2050 ephebus
362 1969 440 2031 ultro
457 1989 489 2030 se
504 1968 633 2030 admovit
648 1975 688 2042 et,
703 1974 785 2047 puto,
800 1968 891 2030 vereri
907 1969 1011 2048 coepit,
1026 1987 1064 2031 ne
1079 1989 1133 2050 ego
1151 1969 1208 2032 oh-

67 2081 91 2131 15
107 2069 321 2131 dormiscerem.
351 2067 459 2130 indulsi
474 2086 543 2145 ergo
560 2066 683 2128 sollicito
699 2071 821 2145 totoque
837 2085 962 2146 corpore
977 2067 1049 2130 citra
1060 2086 1206 2132 summam

104 2168 278 2247 voluptatem
298 2185 345 2228 me
365 2165 547 2247 ingurgitari.
577 2165 697 2238 deinde,
717 2172 751 2226 ut
771 2164 834 2225 dies
853 2165 946 2241 venit,
967 2167 1049 2229 attuli
1070 2168 1208 2246 gaudenti

105 2266 236 2345 quicquid
252 2264 459 2344 promiseram.
489 2270 524 2325 ut
541 2262 625 2323 tertia
640 2280 699 2323 nox
714 2262 862 2325 licentiam
878 2265 970 2341 dedit,
986 2266 1159 2328 consurrexi
1173 2266 1209 2328 ad

106 2381 199 2425 aurem
220 2363 295 2424 male
314 2363 486 2426 dormientis
507 2372 533 2424 et
547 2350 632 2422 “dii''
650 2361 773 2444 inquam
789 2354 1009 2438 “immortales,
1031 2363 1056 2425 si
1071 2383 1124 2444 ego
1140 2363 1212 2426 huic

107 2462 258 2523 dormienti
278 2460 424 2522 abstulero
445 2461 554 2522 coitum
571 2460 690 2540 plenum
707 2467 736 2521 et
751 2459 919 2540 optabilem,
935 2480 991 2540 pro
1007 2462 1063 2524 hac
1076 2461 1211 2524 felicitate

66 2571 93 2622 lc
109 2579 167 2622 cras
192 2577 285 2640 puero
311 2565 498 2621 asturconem
514 2558 733 2620 Macedonicum
760 2558 905 2638 optimum
926 2557 1052 2632 donabo,
1073 2560 1212 2621 cumbae

107 2665 200 2720 tamen
219 2658 405 2738 exceptione,
425 2657 450 2717 si
469 2655 517 2717 ille
537 2672 599 2716 non
618 2647 774 2716 senserit?
807 2673 958 2734 nunquam
978 2654 1081 2718 altiore
1101 2673 1209 2718 somno

108 2757 231 2836 ephebus
259 2755 447 2819 obdormivit.
482 2755 580 2834 itaque
605 2754 734 2834 primum
760 2754 877 2834 impleri
903 2752 1074 2816 lactentibus
1094 2753 1210 2834 papillis

109 2873 224 2929 manus,
244 2874 316 2916 mox
334 2855 417 2916 basio
438 2853 562 2928 inhaesi,
582 2852 687 2914 deinde
705 2853 736 2914 in
755 2870 848 2915 unum
865 2852 964 2913 omnia
978 2858 1045 2914 vota
1061 2851 1209 2916 coniunxi.

109 2973 188 3017 mane
213 2954 317 3016 sedere
342 2953 372 3015 in
399 2953 530 3014 cubiculo
557 2952 656 3031 coepit
681 2958 767 3032 atque
792 2957 944 3031 expectare
967 2951 1211 3014 consuetudinem

69 3061 95 3113 25
111 3071 211 3115 meam.
247 3053 321 3126 scis,
348 3058 456 3132 quanto
482 3049 594 3112 facilius
621 3049 659 3110 sit
685 3048 836 3112 columbas
861 3048 1010 3130 gallosque
1036 3049 1210 3129 gallinaceos

111 3169 200 3213 emere
221 3170 309 3232 quam
330 3159 532 3224 asturconem,
554 3156 583 3210 et
602 3155 719 3229 praeter
737 3148 796 3209 hoc
814 3147 899 3210 etiam
919 3148 1075 3223 timebam,
1096 3165 1133 3210 ne
1151 3155 1212 3210 tam

111 3251 210 3328 grande
229 3269 338 3312 munus
359 3256 526 3328 suspectam
546 3247 654 3310 faceret
667 3246 878 3309 humanitatem
893 3264 998 3306 meam.
1030 3265 1084 3325 ego
1100 3246 1213 3326 aliquot

111 3347 187 3409 horis
206 3349 349 3430 spatiatus
370 3348 401 3409 in
420 3346 582 3427 hospitium
601 3346 708 3407 reverti
728 3345 859 3424 nihilque
880 3343 958 3406 aliud
978 3361 1066 3422 qteam
1086 3360 1211 3423 puerum

178 3615 192 3662 2
211 3621 261 3663 tres
279 3612 411 3662 asteriscos
428 3610 518 3660 irruerit
535 3612 568 3674 L,
587 3625 703 3676 unump
722 3615 747 3660 et
763 3622 848 3658 uacuo
866 3603 953 3656 relicto
971 3619 1050 3656 uersu
1068 3612 1079 3656 t

114 3683 248 3734 teolennis
261 3685 286 3733 L
381 3681 593 3732 4arctaueratL
687 3680 806 3732 recitandi
818 3679 903 3744 inepte
915 3678 1125 3746 longer-moecatus

114 3755 223 3819 titoque
236 3763 284 3820 pt:
303 3763 328 3805 et
346 3755 371 3803 L
479 3755 598 3816 8preeio
617 3751 678 3803 libri
785 3751 915 3816 adgressus
923 3766 946 3816 p
1054 3749 1215 3817 rasorium

113 3825 131 3871 si
149 3840 192 3890 ego
209 3829 278 3876 hune
385 3832 414 3874 ut
433 3823 550 3889 Clipea-aee
659 3826 692 3873 14
711 3824 920 3874 obdormiscerem
933 3819 1107 3874 Manem:
1125 3821 1215 3872 obdor-

114 3896 209 3947 missem
226 3896 259 3962 L,
278 3897 468 3947 obdormiissem
486 3903 516 3960 pt
628 3899 658 3945 17
679 3895 755 3946 immo
772 3895 838 3959 quod
856 3896 1028 3958 promiseram.
1064 3894 1216 3958 deniqueret

114 3968 180 4016 tertia
196 3985 246 4018 nox
264 3969 391 4019 licentiam
409 3969 514 4016 eandem
532 3968 600 4017 dedit
697 3968 729 4014 18
747 3964 880 4016 etoddr'di
975 3967 1009 4015 20
1027 3958 1216 4030 opodrumbta·

115 4036 253 4090 cedoniedm
265 4039 290 4089 L
390 4042 425 4088 24
442 4039 480 4088 sic
496 4035 714 4104 redintegrando:
732 4053 794 4101 puer
811 4037 925 4101 proximo
940 4052 1015 4086 mane
1028 4038 1114 4087 sedere

117 4109 146 4154 25
164 4109 340 4173 gallinaciosL
449 4113 482 4159 26
500 4113 565 4160 haee
578 4111 602 4158 L
710 4112 741 4158 tt
762 4110 866 4157 haberer
878 4107 1048 4158 Memmium
1155 4121 1216 4170 ergo

108 4184 145 4239 pt.
179 4181 223 4232 sed
245 4182 362 4247 quotiens
384 4182 532 4231 narrationi
550 4181 613 4232 baec
626 4179 762 4244 particula
779 4177 931 4243 adlaibetrcr,
956 4179 1044 4229 {etiem
1061 4194 1114 4230 oon
1128 4176 1216 4242 primo

111 4247 163 4301 loen
175 4253 297 4316 penitam
314 4252 437 4318 mppleao
455 4255 538 4317 itaque
557 4267 604 4318 ego
