3008 4962
1078 467 1169 512 xxxm

147 601 222 663 Nihil
238 609 296 664 tam
311 602 435 664 arduum
452 603 589 682 estquod
605 619 665 664 non
681 600 854 680 improbitas
870 608 1041 682 extorqueat
1051 621 1082 682 p.
1099 601 1168 677 102,

72 704 186 764 9-10.

33 799 36 806 ’
147 807 300 885 Ingeniosa
315 807 381 886 gula
397 814 443 868 est
453 826 484 886 p.
500 808 570 878 155,
586 806 615 867 9.

146 908 188 969 Ad
200 910 322 988 predam
334 909 545 990 strepitumque
556 909 628 970 lucri
641 909 777 987 sutfragia
788 909 883 970 uertit.
917 908 1028 969 Venalis
1041 910 1168 988 populns

73 1015 171 1076 uenalis
191 1017 269 1078 ouria
289 1016 428 1096 primum.
457 1017 583 1096 Ipsaque
604 1018 741 1078 maiestas
764 1036 836 1080 auro
857 1024 995 1096 corrupta
1018 1017 1121 1078 iacebit
1137 1036 1169 1097 p.

75 1124 332 1195 156,5-6119.

147 1232 247 1306 Querit
273 1252 305 1294 se
331 1240 432 1295 natura
452 1251 506 1294 nec
526 1233 647 1294 inuenit.
682 1232 827 1295 Omnibus
844 1252 914 1314 ergo
937 1242 1033 1295 scorta
1056 1233 1169 1311 placent

73 1340 199 1420 fractique
214 1342 297 1402 nerui
321 1360 446 1420 corpore
461 1359 589 1420 gressus.
620 1341 657 1403 Et
670 1341 724 1402 laxi
740 1343 835 1403 crines
851 1349 880 1403 et
895 1349 940 1403 tot
955 1359 1032 1403 noua
1048 1341 1168 1402 nomina

74 1449 153 1509 uestis
164 1469 195 1530 p.
211 1451 282 1523 154,
298 1449 445 1524 9-155,
461 1449 490 1510 2.

79 1534 82 1544 ’
102 1569 104 1576 ’
145 1558 284 1638 Quisquis
299 1557 387 1619 habet
401 1575 541 1618 nummos
555 1577 655 1619 secura
668 1558 786 1638 nauigat
797 1578 876 1632 aura,
892 1559 1100 1636 fortunamque
1114 1575 1169 1617 suo

73 1673 201 1743 temperat
220 1665 350 1728 arbitrio.
366 1665 499 1728 Carmina
519 1665 671 1746 componit
691 1667 831 1728 declamat
846 1674 1002 1745 concrepat
1014 1685 1118 1726 onrnes
1134 1665 1171 1725 Et

75 1776 173 1851 peragit
191 1792 294 1836 causas
316 1773 410 1854 sitque
431 1776 555 1836 cathano
574 1775 665 1855 prior.
685 1775 780 1836 Perua
795 1775 909 1855 loquor.
927 1773 1067 1854 quod‘uis
1080 1791 1170 1833 num-

75 1899 130 1942 mos
141 1882 330 1961 prebentibus
343 1889 420 1962 opta.
435 1883 551 1945 eueniet
561 1883 690 1947 clausum
704 1883 836 1964 possidet
847 1884 932 1944 archa
944 1882 1040 1943 ionem
1056 1900 1084 1960 p.
1099 1879 1169 1952 198,

77 1988 162 2064 0-9,
180 1989 323 2060 12-13,
337 2009 366 2070 p.
388 1990 571 2064 199,1-2.

147 2099 321 2162 Omaxima
341 2116 439 2160 rerum
459 2105 488 2159 et
512 2099 615 2161 mento
642 2099 735 2179 pietas
761 2097 873 2160 homini
901 2097 1047 2158 tutissima
1074 2095 1169 2157 uirtus

74 2225 100 2283 p.
114 2207 168 2268 227
183 2207 280 2270 Llll*.

146 2317 219 2378 uude
238 2315 321 2377 clarc
342 2326 465 2396 apparet
482 2327 587 2396 quomo
608 2335 692 2396 opere
710 2334 728 2376 a
747 2314 890 2376 Viuceuu'o
912 2313 1083 2393 compilatus
1099 2313 1172 2374 h'ber

76 2419 189 2486 Pacuuii
203 2427 373 2504 couprucrit
384 2404 451 2485 cum
465 2424 617 2504 florilegio,
632 2428 691 2486 siue
705 2441 861 2485 numerum
876 2432 984 2502 spectas
999 2432 1026 2482 ct
1040 2423 1171 2483 ordinem

75 2544 265 2612 acceptorum
280 2536 339 2593 siue
353 2535 515 2613 scripturas
530 2532 668 2612 stapulas.
699 2533 818 2610 dentque
829 2530 973 2610 flom'lcps'o
986 2541 1013 2591 et
1027 2529 1170 2592 Viuccuu'o

76 2639 186 2720 adiungo
201 2640 306 2703 iacobi
320 2639 422 2720 Maqua'
434 2639 633 2719 Zophiloqium
649 2639 696 2699 uel
710 2638 914 2718 sophilopium,
932 2641 1014 2700 cuias
1028 2655 1106 2698 uuuc
1122 2638 1171 2697 de-

76 2764 144 2808 mum
161 2761 264 2812 unctus
281 2747 433 2828 coemptor
454 2751 562 2808 incerto
586 2765 664 2808 ariao
685 2746 802 2828 locoque
822 2747 928 2808 editum
950 2744 1172 2808 transcridcuda

79 2852 141 2915 duat
153 2867 287 2939 quotquot
301 2859 333 2917 iu
347 2855 398 2917 ulo
413 2857 554 2936 indagavi
568 2857 600 2918 de
615 2854 748 2917 Petronio
764 2858 935 2926 tesu'mom'a,
951 2873 1010 2916 uoce
1026 2863 1172 2916 ostentau-

79 2962 123 3022 dac
141 2984 238 3028 caussa
259 2965 422 3045 dilipcutiae
442 2982 544 3027 oerum
564 2974 596 3025 ut
615 2964 681 3025 aliis
701 2965 900 3044 compendium
918 2965 1047 3043 facerem
1072 2963 1173 3042 iuscu-

79 3075 157 3134 1111·
168 3073 292 3136 latoris:

151 3185 180 3242 iu
199 3182 275 3244 libro
303 3179 337 3245 ΙΙ
356 3190 481 3243 tractatu
504 3180 522 3240 l
539 3178 700 3260 capitulod
721 3187 794 3241 teste
815 3180 930 3259 prinmo
947 3178 1038 3240 nichil
1054 3184 1099 3239 est
1113 3185 1172 3238 1111

80 3285 187 3350 arduum
204 3290 284 3370 quod
301 3286 466 3370 inprobitas
481 3306 542 3349 non
557 3295 726 3367 extorqueat
737 3308 767 3369 p.
784 3288 853 3361 102,
871 3287 994 3350 9-10,

151 3393 184 3455 ll
194 3396 226 3469 2,
243 3395 263 3457 8
284 3395 447 3477 petronius.
478 3395 550 3458 Cum
562 3396 692 3457 Fortuna
704 3403 803 3457 manet
817 3396 930 3457 uultum
944 3393 1066 3455 seruatis
1078 3392 1173 3452 amici.

81 3499 140 3562 Cum
156 3505 290 3568 ceciderit
305 3505 384 3586 turpi
399 3505 511 3566 uertitis
528 3523 579 3565 ora
594 3504 660 3584 iuga
673 3524 704 3585 p.
718 3504 767 3575 95,
783 3504 885 3565 5-6.

151 3611 183 3672 11
196 3613 227 3687 2,
244 3613 286 3675 10
306 3613 470 3677 Petronius.
495 3613 518 3674 0
536 3612 659 3675 maxima
675 3630 773 3674 rerum
790 3611 882 3691 pietas
898 3607 1010 3670 homini
1026 3608 1174 3670 tutissima

80 3715 160 3780 uirtus
174 3740 202 3801 p.
218 3723 279 3784 227
294 3720 388 3783 Llll*.
764 3799 766 3803 .

153 3825 184 3887 ll
197 3828 229 3902 2,
245 3829 288 3890 13
303 3829 468 3891 Petronius.
484 3828 658 3890 Adulatores
672 3829 731 3890 ficti
743 3847 808 3890 cum
822 3847 909 3890 cenas
922 3828 1045 3889 diuitum
1059 3833 1176 3905 captant

80 3931 157 3994 nichil
175 3937 256 4016 prius
276 3938 322 4000 uel
342 3938 491 4019 posterius
511 3937 688 3998 meditantur
712 3956 799 4016 quam
819 3936 847 3997 id
869 3938 947 4018 quod
974 3936 1173 4015 gratissimum

82 4041 250 4107 auditoribus
266 4053 369 4126 putant
383 4045 448 4106 fore
460 4065 490 4125 p.
507 4046 537 4119 6,
556 4043 657 4105 1-3.

155 4149 187 4210 ll
199 4151 230 4226 3,
246 4153 268 4214 3
282 4154 445 4234 petronius.
472 4153 548 4228 Quid
564 4151 674 4215 faciunt
687 4153 763 4233 leges
780 4154 828 4215 ubi
844 4155 906 4215 sola
924 4153 1063 4232 peccunia
1077 4157 1177 4228 regnet

82 4253 131 4316 1111
148 4259 196 4320 ubi
217 4269 373 4342 paupertas
393 4263 510 4324 uincere
530 4261 606 4325 nulla
622 4268 730 4343 potest.
761 4263 820 4323 lam
836 4279 916 4323 nuno
931 4260 1071 4322 indicium
1087 4257 1175 4319 nichil

128 4356 222 4402 Petronii
235 4359 313 4404 satirae
956 4360 975 4412 C
