3128 4966
300 441 340 506 30
771 439 928 495 Pannonii

298 595 412 676 lippus,
432 593 554 655 domino
568 594 783 658 Trimalchione
799 596 968 660 deformior.
1000 613 1067 658 oum
1083 611 1153 674 ergo
1169 591 1345 666 amoenetur,
1365 593 1401 655 ad
1411 597 1454 649 iit

300 703 387 774 eaput
406 694 468 756 eius
490 696 719 775 symphoniacus
738 714 805 756 cum
826 695 956 757 minimis
974 695 1055 756 tibiis
1075 693 1197 756 accessit
1216 699 1244 754 et
1256 699 1405 770 tamquam

300 793 443 855 inaurem
461 793 567 872 aliquid
583 801 696 855 secreto
712 795 829 869 diceret,
845 801 908 855 toto
923 793 1028 855 itinere
1043 792 1175 854 cantavit.

384 891 536 971 sequimur
555 909 611 952 nos
628 891 819 953 admiratione
833 891 891 954 iarn
907 893 998 954 saturi
1013 899 1042 954 et
1057 911 1123 954 oum
1140 893 1358 970 Agamemnone
1370 888 1405 949 ad

300 988 415 1052 ianuam
435 989 637 1070 pervenimus,
655 986 666 1074 ll
682 990 712 1050 in
734 990 815 1051 cuius
837 998 922 1070 poste
942 991 1056 1053 libellus
1071 997 1133 1052 erat
1148 1007 1213 1050 cum
1230 989 1286 1050 bae
1300 987 1442 1050 inseri-H

298 1087 399 1167 ptione
415 1089 505 1150 fixus:
517 1081 666 1169 ‘quisquis
682 1105 782 1148 servus
799 1089 861 1150 sine
872 1090 1023 1153 dominico
1040 1091 1123 1151 iussu
1136 1089 1216 1148 foras
1232 1087 1341 1164 exierit,
1356 1106 1405 1148 ao·
1424 1093 1441 1143 6

300 1186 386 1266 cipiet
406 1187 504 1267 plagas
520 1177 657 1249 centum.³
677 1182 740 1270 {lin
759 1188 839 1249 aditu
854 1197 949 1250 autem
964 1190 1031 1268 ipso
1048 1188 1142 1249 stabat
1157 1187 1293 1248 ostiarius
1308 1185 1457 1266 prasi-HL

298 1294 399 1360 natus,
420 1286 552 1347 cerasino
573 1285 738 1346 succinctus
760 1287 888 1366 cingulo,
912 1295 997 1366 atque
1016 1287 1046 1348 in
1060 1287 1142 1348 lance
1157 1293 1293 1365 argentea
1307 1284 1406 1364 pisum

299 1383 449 1464 purgabat.
476 1372 566 1464 super
580 1382 669 1444 limen
684 1391 781 1445 autern
797 1404 879 1446 cavea
893 1384 1038 1465 pendebat
1053 1403 1146 1458 aurea,
1161 1385 1192 1446 in
1208 1402 1263 1464 qua
1279 1382 1343 1462 pica
1356 1401 1407 1443 ra-

245 1473 285 1546 19
300 1484 344 1544 rie
359 1484 501 1544 intrantes
517 1481 670 1544 salutabat.
701 1491 828 1546 ceterum
845 1503 898 1563 ego
915 1485 985 1545 dum
1002 1483 1100 1544 omnia
1116 1491 1233 1562 stupeo,
1249 1499 1343 1561 paene
1356 1499 1405 1542 re·
1427 1493 1458 1543 10

210 1569 224 1589 ”
302 1581 455 1660 supinatus
471 1599 554 1642 crura
570 1599 635 1641 mea
649 1581 732 1660 fregi.
755 1582 790 1642 ad
808 1583 956 1643 sinistram
971 1581 1048 1642 enim
1059 1581 1235 1644 intrantibus
1248 1599 1309 1642 non
1320 1581 1407 1658 longe

300 1679 336 1741 ab
353 1679 462 1740 ostiarii
493 1680 561 1741 cella
577 1680 657 1741 canis
674 1680 793 1757 ingena
810 1687 909 1742 catena
924 1680 1051 1755 vinctus,
1066 1680 1096 1741 in
1112 1681 1220 1760 pariete
1236 1687 1298 1742 erat
1311 1679 1406 1759 pictus

300 1797 447 1858 superque
463 1780 600 1858 quadrata
615 1779 707 1840 littera
723 1778 865 1857 scriptum
876 1770 956 1839 ‘cave
967 1771 1107 1866 canem's
1115 1786 1144 1840 et
1155 1779 1279 1859 collegae
1290 1778 1407 1858 quidem

299 1877 357 1940 mei
371 1878 510 1952 riserunt,
528 1896 580 1957 ego
598 1884 692 1938 eutem
709 1875 831 1937 collecto
850 1876 954 1955 spiritu
968 1895 1029 1937 non
1042 1877 1139 1939 destiti
1154 1884 1249 1938 totum
1266 1876 1406 1956 parietem

301 1977 448 2058 persequi.
478 1984 539 2037 erat
557 1983 652 2038 autern
676 1973 847 2035 venalicium
868 1993 933 2034 curn
954 1975 1044 2037 titulis
1065 1976 1191 2056 pictum,
1213 1983 1241 2036 et
1259 1975 1323 2056 ipse
1339 1974 1407 2034 Tri·
1429 1987 1458 2037 15

300 2074 426 2136 malchio
449 2074 597 2154 capillatus
621 2073 779 2134 caduceum
800 2072 918 2133 tenebat
937 2072 1121 2155 Minervaque
1141 2075 1264 2135 ducente
1282 2073 1407 2134 Romam

301 2173 435 2234 intrabat.
466 2172 536 2233 binc
561 2171 811 2251 quemadmodum
830 2171 994 2233 ratiocinari
1017 2174 1180 2246 didicisset,
1208 2171 1332 2250 denique
1346 2170 1408 2231 dis-

299 2280 440 2352 pensator
458 2270 553 2332 factus
569 2278 661 2344 esset,
682 2270 781 2330 omnia
797 2269 947 2348 diligenter
963 2270 1097 2332 curiosus
1113 2270 1289 2349 pictoreum
1304 2268 1410 2330 inscri-

299 2371 401 2451 ptione
416 2369 588 2431 reddiderat.
616 2369 647 2429 in
669 2368 820 2430 deficiente
837 2388 903 2430 vero
920 2369 976 2431 iam
992 2369 1108 2448 porticu
1122 2370 1246 2431 levatum
1262 2375 1363 2430 mento
1378 2367 1409 2427 in

300 2469 427 2530 tribunal
450 2468 595 2530 excelsum
616 2467 777 2529 Mercurius
793 2467 931 2547 rapiebat.
962 2474 1078 2547 praesto
1095 2475 1156 2529 erat
1170 2469 1300 2530 Fortuna
1316 2485 1410 2528 cornu
1429 2480 1461 2532 20

301 2567 460 2632 abundanti
485 2567 606 2647 copiosa
626 2573 655 2627 et
673 2573 734 2628 tres
750 2566 859 2629 Parcae
879 2586 966 2629 aurea
987 2585 1078 2646 pensa
1099 2574 1279 2649 torquentes.
1312 2564 1412 2627 notari

376 2875 389 2922 1
410 2872 534 2922 auferetur
552 2868 589 2931 H,
607 2867 745 2918 adferretnr
764 2868 797 2930 L,
816 2869 944 2917 afferretur
957 2876 998 2933 pt,
1018 2871 1145 2919 efferretur
1163 2865 1342 2920 Memmiadae.
1367 2881 1412 2916 au·

302 2945 379 2994 fertur
396 2941 507 2993 indebat
523 2939 648 2992 Heinsius
773 2941 788 2988 2
809 2941 1002 3004 symphomacus
1020 2940 1062 3003 H,
1085 2941 1261 3004 simphoniacis
1281 2940 1319 3001 L,
1344 2953 1413 3004 sym·

302 3015 432 3079 phoniacis
450 3020 491 3079 pt.
533 3012 562 3062 in
590 3009 662 3061 libris
688 3008 781 3075 legitur
802 3018 862 3074 post
888 3013 1009 3073 minimis,
1040 3012 1089 3062 buc
1112 3011 1270 3076 traossposuit
1298 3009 1411 3060 Webiius

298 3102 328 3150 p.
348 3088 381 3136 15
488 3085 591 3148 geminis
611 3081 670 3130 olins
687 3098 756 3146 susp.
775 3081 906 3144 Heinsius,
925 3084 1030 3133 mimicis
1045 3082 1183 3134 Goldostus
1290 3089 1412 3146 tanquam

302 3157 327 3206 L
447 3159 463 3205 4
481 3157 531 3204 iam
549 3154 713 3203 admiratione
733 3161 905 3218 transponunt
921 3156 976 3218 Lpt
1092 3171 1248 3220 agamenone
1266 3153 1301 3203 H

303 3231 318 3278 6
338 3228 444 3292 accipiat
454 3226 564 3278 molebat
572 3225 697 3275 Heinsius
804 3230 817 3274 7
838 3232 921 3274 autem
934 3243 981 3279 om.
991 3225 1045 3290 Lpt
1150 3227 1283 3277 hostiarius
1289 3231 1322 3289 pt

285 3292 318 3349 '8
338 3301 465 3349 caesarina
488 3297 628 3348 Tolosanum
752 3298 824 3346 lance
848 3314 894 3346 ons.
913 3295 949 3346 H.
974 3313 1058 3347 uanno
1083 3314 1154 3362 susp.
1177 3297 1302 3348 Heinsius

304 3373 335 3420 10
355 3373 414 3420 dum
428 3386 474 3435 ego
488 3369 656 3435 transpositi
743 3368 774 3417 ad
787 3371 870 3418 omnia
879 3368 1005 3419 Heinsius
1114 3373 1145 3419 12
1159 3370 1271 3418 hostiarii
1277 3375 1311 3432 pt

301 3445 409 3492 cathena
418 3442 471 3491 HL
552 3437 695 3508 pinctusH
773 3441 805 3488 13
818 3441 923 3490 literaL
1007 3456 1149 3491 cavnonvn
1162 3457 1249 3490 canan
1258 3437 1412 3504 Lpt,Mem-

300 3513 403 3564 mionus
491 3515 541 3564 mei
553 3514 652 3576 quidem
665 3511 854 3575 trarssponitH
933 3512 964 3560 15
978 3511 1064 3560 autH
1141 3511 1320 3561 uenalitiumL

301 3602 358 3636 curn
371 3584 510 3636 addidisse
523 3585 587 3637 coni.
600 3582 750 3633 Burmanni
858 3585 889 3632 16
903 3598 1000 3632 romam
1009 3582 1049 3633 H:
1063 3579 1129 3632 teriia
1141 3583 1174 3646 L,
1193 3585 1259 3633 tenie
1266 3590 1307 3648 pt,
1326 3581 1412 3632 taenia

300 3673 390 3723 margo
409 3665 430 3721 t,
448 3665 549 3706 temena
566 3663 638 3704 uetus
656 3653 765 3704 Pitheci.
793 3653 1139 3718 reponendosscisse,
1158 3656 1258 3705 moenia
1275 3651 1411 3717 Heinsius,

301 3731 425 3777 coloniam
436 3725 564 3778 Studerus
582 3727 611 3775 in
623 3724 840 3775 obseruationibus
852 3725 948 3775 criticis
960 3726 1064 3776 Bernae
1076 3743 1101 3777 o.
1116 3729 1184 3778 1839
1192 3725 1333 3792 publicatis
1341 3741 1372 3790 p.
1383 3729 1410 3776 7.

300 3801 414 3850 Minerua
433 3801 540 3849 dictante
559 3799 644 3846 thema
658 3797 750 3845 citabat
762 3803 809 3845 aut
825 3798 930 3846 iterabat
942 3796 1075 3848 Iocobsius
1167 3801 1197 3847 17
1218 3799 1326 3847 intrabat
1338 3796 1411 3860 Hpt:

300 3873 394 3920 uitabat
411 3869 444 3930 L,
464 3870 555 3919 citabat
572 3883 661 3932 morpo
679 3867 711 3920 L.
738 3869 816 3916 itabat
827 3866 973 3932 Scbcfferus
1081 3871 1162 3920 buict
1267 3869 1411 3918 ratiocinari

300 3943 433 4006 incepisset
445 3942 568 3991 didicisset
586 3941 611 3989 L
713 3939 817 4003 denique
836 3940 941 4004 sampsi:
961 3941 1065 4005 deinque
1084 3941 1120 4004 H,
1139 3942 1227 3991 deinde
1245 3946 1262 4004 t,
1281 3941 1336 3989 dein
1357 3939 1410 4003 Lp,

299 4013 424 4024 1-

297 4039 357 4098 ‘alii
375 4038 484 4098 codiees’
506 4043 611 4095 Heinsii
720 4045 751 4094 18
770 4047 875 4108 scriptor
894 4052 904 4094 t
1031 4049 1061 4097 19
1077 4038 1119 4097 ‘in
1136 4045 1297 4111 praestiterit
1313 4043 1410 4108 obesse,

300 4120 329 4170 ni
345 4119 430 4170 mauis
448 4109 518 4168 hinc’
540 4113 665 4167 Heinsius
771 4119 858 4166 mento
878 4123 889 4166 t
1005 4121 1039 4168 20
1057 4121 1170 4183 rapiebat
1186 4117 1222 4181 H,
1241 4115 1409 4167 Ricboadus:

300 4193 414 4256 capiebat
431 4189 486 4254 Lpt
592 4189 625 4238 21
644 4187 801 4238 habundanti
818 4186 852 4238 H
953 4191 1055 4254 copiosa
1072 4197 1216 4257 suspectum
1230 4187 1330 4253 Oresio,
1350 4203 1410 4238 cum

300 4279 378 4314 como
397 4262 498 4326 copioso
523 4258 634 4311 Weblius
646 4275 677 4324 p.
692 4261 726 4310 16
745 4257 831 4310 delens
850 4260 984 4310 abundanti
