3008 4962
565 374 706 428 serrare
1150 382 1190 443 23

633 527 653 570 s

57 615 76 666 u
140 596 151 682 {l
167 598 341 662 volebamus
352 600 451 662 miseri
468 602 636 673 exclamare,
653 598 703 662 sed
719 599 818 661 necin
833 599 939 661 auxilio
954 602 1190 683 eratquisquam‚
1207 611 1246 672 21

87 704 113 758 et
129 697 200 760 hinc
214 697 327 778 Psyche
348 715 402 760 acu
425 700 584 760 comatoria
606 698 732 778 cupienti
751 699 822 760 mibi
842 698 977 761 invocare
993 701 1140 774 Quiritum
1156 704 1191 764 li-

87 795 148 856 dem
168 796 263 857 malas
282 797 443 876 pungebat,
464 798 543 859 illinc
562 798 655 878 puella
671 797 816 878 penicillo,
834 799 913 876 quod
929 806 957 860 et
970 798 1068 878 ipsum
1084 801 1191 882 satyrio

86 894 213 968 tinxerat,
229 893 369 974 Ascylton
385 895 569 975 opprimebat
622 945 651 1022 ,ἧς

61 1061 73 1110 5
167 1050 272 1112 ultimo
296 1049 433 1112 cinaedus
455 1051 624 1131 supervenit
635 1058 746 1132 myrtea
761 1050 939 1114 subornatos
955 1055 1114 1134 gausapina
1130 1056 1194 1117 cin-

89 1149 205 1228 guloque
226 1149 394 1215 succinctus
412 1150 565 1210 ...modo
580 1151 707 1212 ‘extortis
728 1167 785 1211 nos
806 1150 939 1212 clunibus
960 1152 1075 1226 cecidit,
1102 1152 1191 1215 modo

88 1247 171 1308 basiis
187 1247 360 1309 olidissimis
376 1247 543 1326 inquinavit,
559 1248 654 1310 donec
670 1248 807 1321 Quartilla
822 1249 1001 1311 balenaciam
1015 1257 1119 1312 tenens
1133 1252 1192 1313 rir-

89 1363 148 1423 gam
162 1345 275 1425 alteque
290 1346 436 1408 succincta
451 1345 538 1407 iussit
552 1345 714 1408 infelicibus
731 1349 792 1410 dari
807 1349 980 1410 missionem

625 1456 646 1495 ii·

164 1537 288 1610 uterque
308 1536 446 1592 nostrum
460 1529 691 1608 religiosissimis
713 1531 816 1594 iuravit
829 1531 940 1605 verbis,
956 1531 1034 1594 inter
1047 1551 1102 1596 uos
1116 1534 1191 1598 duos

52 1635 76 1685 10
90 1627 242 1706 periturum
260 1647 327 1690 esse
342 1635 403 1689 tam
418 1627 556 1689 horribile
572 1637 717 1691 secretum

631 1734 651 1777 a

166 1802 350 1866 intraverunt
375 1801 557 1882 palaestritae
576 1789 752 1883 ‘complures
778 1811 807 1865 et
832 1823 888 1866 nos
908 1803 1036 1883 legitime
1055 1804 1191 1885 perfusos

93 1899 149 1960 oleo
164 1903 335 1964 refecerunt.
364 1904 513 1978 utcunque
534 1920 605 1981 ergo
625 1901 797 1965 lassitudine
817 1902 927 1964 abiecta
943 1902 1090 1964 cenatoria
1104 1921 1192 1984 repe-

91 1997 171 2061 timus
191 2008 219 2063 et
239 2001 270 2062 in
292 1997 458 2078 proximam
477 1999 576 2060 cellam
597 1999 676 2062 ducti
697 2019 814 2078 sumus,
835 2003 865 2062 in
886 2018 942 2080 qua
956 2007 1016 2062 tres
1031 2001 1096 2062 lecti
1111 2002 1194 2064 strati

93 2106 164 2161 erant
188 2107 217 2161 et
241 2097 373 2178 reliquus
397 2095 574 2158 lautitiarum
597 2107 753 2177 apparatus
775 2099 1012 2180 splendidissime
1032 2099 1191 2179 expositus.

56 2201 79 2252 15
94 2193 157 2256 iussi
171 2215 239 2278 ergo
257 2195 471 2270 discubuimus
488 2201 516 2256 et
531 2195 695 2273 gustatione
708 2195 829 2259 mirifica
839 2196 943 2260 initiati
955 2198 1023 2259 vino
1037 2199 1124 2260 etiarn
1135 2199 1192 2260 Fa·
1258 2245 1263 2251 -

93 2293 165 2355 lemo
184 2296 371 2358 inundamur.
407 2291 518 2372 excepti
539 2291 625 2352 etiam
648 2294 780 2373 pluribus
800 2295 921 2358 ferculis
941 2315 1008 2358 cum
1027 2296 1193 2358 laberemur

93 2391 120 2451 in
133 2412 286 2469 somnum,
304 2387 397 2456 ‘itane
417 2383 496 2454 est?'
516 2389 613 2469 inquit
633 2391 770 2465 Quartilla
786 2383 890 2454 ‘etiarn
910 2394 1038 2457 dormire
1058 2396 1140 2458 vobis
1161 2397 1192 2457 in

95 2500 180 2554 mente
194 2501 247 2569 est,
264 2511 331 2555 cum
348 2491 444 2554 sciatis
460 2490 558 2570 Priapi
574 2489 660 2568 genio
676 2490 858 2569 pervigilium
875 2483 1009 2553 deberii'

631 2594 651 2638 e

170 2684 236 2727 cum
254 2666 389 2748 Ascyltos
415 2671 547 2746 gravatus
572 2671 617 2726 tot
641 2663 725 2725 malis
748 2663 779 2725 in
800 2681 939 2727 somnum
961 2664 1120 2741 laberetur,
1145 2665 1191 2728 issa
1207 2667 1247 2729 22

97 2781 385 2798 Ἠ

160 2842 338 2906 lproclomare
358 2841 515 2892 coniecerant
605 2840 620 2888 2
640 2839 699 2888 huic
717 2839 809 2890 Psiche
828 2845 853 2889 t:
871 2840 930 2890 hine
952 2838 978 2890 T
993 2855 1049 2889 eum
1060 2838 1104 2903 Lp

98 2907 252 2977 Quiritiump
302 2930 304 2936 ¹
380 2915 513 2962 destureo
533 2911 572 2976 L,
592 2917 720 2975 satyreot
834 2911 972 2978 4Ascylto
992 2927 1019 2960 os
1038 2912 1194 2975 opprimebat

97 2977 225 3032 Ioeobsius.
262 2998 326 3034 oum
344 2982 500 3047 oplinebet?
553 2983 558 2992 *
609 2980 661 3030 duo
680 2981 796 3038 asterisci
812 2982 857 3032 uel
873 2999 941 3032 unus
958 2983 988 3033 iro
1005 2981 1078 3032 libris

99 3051 208 3104 dmirtea
226 3055 259 3119 L,
279 3061 375 3104 murteo
393 3069 482 3120 margo
500 3054 525 3103 L
616 3055 753 3117 gausapina
771 3070 860 3120 margo
880 3061 900 3103 t:
926 3054 1046 3118 gausapiu
1063 3054 1112 3116 Lt,
1132 3067 1193 3117 geu·

98 3123 198 3188 sopilap
315 3127 456 3176 subcinctus
476 3133 492 3174 t.
530 3121 637 3174 colorem
655 3139 755 3189 quoque
774 3125 870 3192 cinguli
888 3124 1031 3176 eddiderat
1048 3123 1193 3178 Petronius,
1268 3132 1269 3142 ¹

99 3188 147 3240 blot
157 3204 294 3258 praetereo
317 3196 469 3246 coristructio
488 3195 611 3246 credonis
742 3199 844 3247 extectis
867 3213 956 3262 margo
974 3205 996 3259 t,
1022 3197 1112 3246 exertis
1130 3194 1193 3246 Put-

99 3261 180 3329 oebiuo,
199 3270 292 3318 extritis
311 3268 413 3331 Douza,
433 3269 538 3318 exsectis
557 3265 690 3316 Iocobsios
797 3284 843 3318 nos
862 3284 894 3319 ec
913 3284 964 3318 non
983 3283 1050 3318 corr.
1062 3267 1087 3316 L

101 3336 111 3380 l
129 3336 275 3390 beleneciem
293 3341 332 3404 L,
351 3341 508 3390 ballenotiom
522 3355 552 3403 p,
571 3339 720 3388 ballenstam
740 3347 763 3389 t:
786 3341 919 3390 bellnatam
937 3345 1086 3388 uenenatom
1104 3353 1194 3402 mergo

101 3405 147 3455 tto
163 3425 210 3472 qno
233 3411 311 3461 simul
333 3413 473 3461 belenetam
500 3425 513 3460 e
538 3409 643 3459 balenae
666 3411 724 3459 setis
748 3410 888 3476 confectam
909 3409 1063 3460 Tornaesius
1082 3408 1193 3472 seponit,

101 3475 238 3532 balenariam
256 3485 398 3532 balanatum
417 3484 534 3531 bellutam
552 3481 607 3530 olii.
622 3480 708 3530 oddus
720 3484 871 3531 bracteatam
884 3489 908 3530 et
919 3481 1087 3532 brabeuticam

101 3546 231 3603 illectione
249 3554 324 3620 signa
341 3553 370 3602 iri
388 3552 460 3604 libris
479 3552 569 3617 quotie
586 3569 612 3602 u.
627 3555 643 3601 4
739 3555 753 3602 9
772 3554 836 3603 inter
849 3569 894 3602 nos
907 3554 969 3602 duos
983 3549 1113 3615 Cuperem:
1131 3551 1195 3600 inter

102 3617 401 3688 dnostt,Memmioous
492 3626 524 3673 10
538 3621 589 3672 duo
602 3624 718 3674 asterisci
729 3624 758 3674 in
767 3624 822 3688 Lpt
862 3619 864 3626 '
908 3624 1068 3688 palaestricae
1075 3629 1107 3687 pt

103 3690 129 3737 ll
147 3699 298 3760 quamplures
311 3695 379 3759 libri,
399 3694 468 3760 quod
487 3695 588 3745 correcti
676 3697 784 3759 legitime
797 3695 901 3759 scripsi:
920 3696 1030 3760 legitimo
1045 3695 1104 3758 Lpt,
1123 3695 1196 3760 lecyti

101 3758 144 3809 imo
162 3773 184 3813 et
199 3768 303 3834 lecytino
321 3783 411 3832 cierge
422 3768 455 3830 L,
475 3765 584 3830 selgitico
602 3765 725 3816 Trillerus
821 3771 852 3816 12
866 3774 990 3831 utcunque
1002 3767 1054 3831 Lp,
1073 3780 1161 3830 margo
1174 3771 1196 3814 t:

103 3830 216 3896 iamquet
321 3854 381 3902 ergo
395 3840 432 3888 L:
450 3839 524 3901 igitur
538 3844 572 3901 pt
677 3840 795 3888 cenacula
812 3845 925 3904 margot
1015 3839 1045 3886 15
1066 3837 1196 3886 discumbi-

103 3915 149 3952 mus
160 3913 176 3968 t,
188 3906 357 3959 Memmtonoe
456 3910 612 3976 myrrhistica
624 3907 749 3959 Heinsius
834 3911 930 3960 inuitati
951 3907 981 3958 0.
995 3907 1107 3957 Iahnius

106 3973 132 4020 16
143 3975 283 4030 inundamur
295 3988 336 4045 pt,
355 3996 443 4046 mergo
462 3981 500 4030 L:
518 3976 651 4030 miedamur
669 3981 701 4044 L,
720 3981 901 4032 inundabamnr
919 3979 1090 4030 Memmianus

106 4049 205 4112 excepti]
229 4050 295 4102 deae
313 4067 391 4102 cenae
408 4051 586 4103 coerctionem
609 4067 766 4116 quemquam
783 4069 836 4104 nou
854 4052 961 4118 dirupta
980 4049 1095 4100 traditor
1114 4055 1198 4099 tameo

104 4116 233 4171 mediatem
255 4140 273 4173 o
299 4122 415 4174 librauiis
433 4139 486 4174 esse
504 4137 635 4188 perquam
655 4121 789 4188 probabile
813 4131 850 4175 est
970 4123 1002 4172 18
1021 4121 1074 4172 oluo
1095 4131 1197 4171 unuatw

106 4188 227 4242 “litterae
244 4195 272 4245 ic
290 4196 333 4259 Lt,
352 4193 425 4246 niella
443 4195 539 4246 looooo
557 4194 585 4245 io
599 4210 621 4258 p
