3008 4962
279 453 376 497 xfflll

276 599 413 670 peratum
430 591 527 669 patim
546 607 634 670 ptam
648 589 830 652 elaboratam
846 581 932 670 opas'
947 588 1204 652 dmstelodamense
1218 593 1289 652 assi
1302 588 1405 651 1677

279 697 415 778 paicqnid
428 701 500 760 oooi
512 697 622 770 babuit,
637 698 739 762 babait
751 718 790 760 ea·
804 698 955 780 dieopliao
966 697 1088 760 lies'rssii.
1110 703 1170 779 ipse
1180 698 1254 760 nibil
1260 702 1404 779 profecit

280 823 455 886 quamquam
469 805 692 886 Scabiperamum
712 809 837 869 codicem
855 818 881 868 et
898 805 1125 868 Tornaesiaram
1140 799 1192 867 ‘ad
1206 811 1286 867 caius
1300 825 1405 868 mam

278 917 367 976 tmitm
380 915 509 978 codicum
520 935 573 977 ms.
586 916 751 978 cobaa’anes
762 917 956 994 ads'em'pserat
965 912 1058 976 larem
1065 913 1169 976 Ilouza
1176 927 1270 994 pater,
1282 915 1402 976 videli-

184 1039 194 1060 ·
279 1033 321 1086 oet
330 1022 467 1096 Memmii,
479 1022 589 1086 Pitboei
597 1034 624 1085 et
633 1027 737 1086 oetem’s
748 1016 907 1086 caindam'
917 1033 943 1084 et
953 1025 1056 1102 vr’pinti
1064 1023 1198 1083 editiones
1208 1015 1278 1082 ‘nort
1289 1011 1405 1083 broda-

278 1135 342 1194 titia
361 1123 521 1210 diliperttia'
536 1132 706 1206 contulerat,
727 1136 815 1193 immo
830 1135 916 1193 edam
930 1147 1022 1192 monos
1037 1131 1070 1191 de
1083 1134 1225 1190 mensoria
1240 1130 1405 1192 librorum

278 1257 396 1302 errores
403 1243 572 1320 procreauit
583 1239 855 1303 elautsllourdeboti
863 1239 1045 1318 aliorumque
1054 1237 1192 1319 fallaciis.
1207 1239 1318 1317 (taprm
1332 1239 1407 1300 doli

278 1347 352 1410 moli
370 1350 496 1428 infamia
511 1345 685 1410 Franeiscns
700 1348 841 1411 Nodotims
856 1351 905 1429 pai
915 1339 1056 1408 ‘Petronii
1068 1345 1224 1426 Satyricon
1242 1365 1323 1408 nime
1342 1348 1403 1408 de·

247 1437 254 1448 ’
278 1473 359 1516 mam
373 1447 527 1534 imepram'
541 1457 629 1518 edidit
641 1455 765 1518 Parisiis
779 1475 856 1519 amno
873 1454 969 1526 1693,
984 1458 1118 1516 mestitias
1129 1459 1276 1518 accessisse
1287 1446 1404 1535 ‘ss-ap-

278 1573 375 1624 menta
394 1574 529 1644 quotquot
543 1583 577 1626 ea
593 1559 845 1628 desiderabantar'
860 1584 898 1626 ec
911 1567 1110 1644 manuscripto
1126 1565 1221 1624 codice
1230 1581 1318 1643 pacm
1337 1582 1403 1624 eec—

275 1682 407 1751 pupmzta
420 1675 498 1734 inter
515 1673 667 1736 Yttrcicum
683 1675 788 1736 bellam
801 1673 872 1735 ttoa
884 1672 996 1734 Graeca
1013 1691 1089 1733 anna
1102 1669 1184 1732 1688
1198 1671 1304 1732 mobilis
1315 1670 1403 1732 Gal-

277 1779 323 1842 lae
338 1781 373 1842 ab
390 1792 522 1862 apostata
534 1781 644 1845 &aceo
658 1783 739 1845 illisa
753 1783 837 1844 urbis
851 1782 925 1843 dono
938 1791 1085 1860 acceptum
1097 1797 1193 1840 seeum
1204 1788 1401 1860 asportasset,

279 1893 360 1952 atim
381 1891 533 1972 coemptor
547 1911 601 1952 saa
612 1895 738 1972 pecnnia
753 1910 772 1951 a
786 1901 946 1952 mercatore
960 1887 1197 1969 Francosartano
1213 1889 1401 1950 redemisset.

278 2014 403 2076 quornm
423 2002 564 2078 specimen
587 2001 821 2079 frapmernoram
835 1999 887 2059 boa
904 1997 970 2059 libet
979 1997 1162 2078 perscribere
1177 2017 1195 2056 a
1210 2014 1263 2076 pao
1278 2000 1403 2058 satiras

278 2103 327 2166 illc
341 2104 434 2166 volm't
446 2107 596 2168 exordiri:
616 2107 675 2168 lem
691 2108 801 2168 dudum
818 2107 977 2186 quaemihi
993 2107 1161 2167 occiderunt
1173 2105 1254 2166 robis
1265 2105 1304 2164 its
1315 2123 1402 2168 nar-

279 2229 344 2272 rare
363 2211 508 2291 pollicitus
524 2232 606 2286 snm,
626 2223 658 2275 nt
672 2215 761 2276 hodie
775 2215 932 2296 promissis
947 2223 1026 2276 stsre
1042 2215 1232 2275 decreverim:
1248 2212 1337 2273 nobis
1358 2216 1400 2276 ad

280 2319 415 2398 scientias
435 2337 495 2382 non
517 2321 612 2384 solum
633 2324 819 2404 explicandas
840 2323 891 2384 sed
913 2323 998 2384 etiarn
1019 2324 1053 2384 nd
1070 2322 1169 2384 hilaris
1185 2320 1327 2399 colloquia
1346 2323 1401 2383 sn·

279 2428 356 2491 hnlis
371 2429 592 2493 iucundioribus
607 2433 762 2496 animanda
780 2439 926 2511 oportune
943 2431 1133 2510 congregetis.
1164 2429 1315 2491 Fabricius
1327 2428 1403 2493 Ve-

280 2539 358 2601 iento
374 2539 410 2601 de
425 2539 584 2620 Religionis
601 2542 750 2604 erroribus
766 2541 823 2601 iarn
839 2558 919 2600 nnnc
933 2539 1085 2617 ingeniose
1101 2540 1216 2600 locutas
1232 2545 1319 2600 estet
1334 2539 1402 2600 de-

279 2648 350 2710 texit
371 2667 430 2728 qun
450 2649 555 2710 doloso
574 2649 749 2712 vaticinandi
768 2650 868 2712 furore
884 2649 1057 2710 Sacerdotes
1078 2650 1214 2728 mysteria
1229 2648 1282 2708 illis
1298 2665 1402 2728 saepe

279 2757 377 2836 ignoto
396 2757 531 2818 audacter
546 2757 704 2835 publicent.
734 2760 791 2819 Sed
808 2777 878 2820 nusn
895 2757 950 2818 alia
967 2775 1072 2834 genere
1087 2757 1228 2818 furissnnn
1244 2767 1270 2818 et
1283 2767 1400 2820 cetera.

281 2875 363 2944 atquc
382 2863 451 2925 baec
470 2867 566 2944 fraus,
585 2876 617 2926 at
636 2864 801 2927 llicbardsas
815 2866 960 2927 Bentleiar
973 2869 1068 2926 statim
1082 2866 1236 2936 iudicauit,
1258 2867 1401 2927 omissam

280 2974 449 3052 turpissimo
469 2972 609 3060 simulasse
628 2972 812 3034 stolidissima
830 2975 919 3054 padet
938 2978 1087 3035 reminisci
1105 2983 1213 3053 quanta
1227 2989 1313 3054 opere
1326 2989 1401 3036 nom

281 3079 373 3142 Gallis
387 3078 480 3141 solnm
492 3079 638 3160 placuerit
653 3091 735 3162 atque
749 3083 820 3144 adea
835 3086 921 3144 sociis
935 3083 1153 3143 academiarum
1167 3081 1217 3142 sed
1230 3084 1315 3141 etiam
1326 3077 1399 3140 ec-

280 3192 355 3250 tasis
376 3187 548 3268 quibasdam
570 3199 597 3248 et
618 3187 771 3250 Germam's
791 3194 842 3269 qni
861 3191 981 3252 subinde
1003 3190 1199 3252 Nodatianam
1220 3190 1398 3269 repetivere.

280 3299 324 3361 bis
339 3296 521 3379 publicanda
534 3294 637 3358 Petras
652 3295 840 3358 dermannus
855 3302 970 3360 miravit
981 3290 1049 3360 ‘Titi
1062 3297 1192 3358 Petronii
1206 3297 1316 3358 Arbitri
1329 3293 1398 3356 Sa-

278 3411 392 3490 tpm’cbn
411 3427 483 3489 quae
505 3416 660 3488 supersunt
680 3423 745 3466 aum
764 3409 883 3484 intepris
898 3406 1049 3467 doctorem
1063 3410 1198 3470 virorum
1213 3414 1397 3466 mmmerua-

279 3508 346 3578 riis³
370 3515 493 3578 Traiecti
511 3517 550 3578 od
568 3513 700 3577 Romam
721 3532 798 3575 anno
819 3512 903 3574 ttae
923 3525 948 3576 et
964 3514 1186 3598 dmstelaedami
1199 3531 1276 3576 aomo
1292 3508 1396 3584 1713,

280 3641 388 3701 mopna
403 3626 516 3702 quidem
530 3624 605 3685 mole
616 3624 781 3686 litterarum
793 3626 862 3703 qaia
872 3626 1040 3702 t'ttldlprditts
1052 3639 1158 3692 ammes,
1170 3631 1252 3683 notas
1266 3625 1394 3700 innotos,

282 3739 428 3808 tamquam
444 3729 518 3790 alter
534 3729 685 3791 Goldastns
700 3731 859 3812 descripsit,
874 3732 923 3793 sed
937 3749 975 3792 eso
989 3749 1047 3810 qao
1059 3732 1191 3810 [mactum
1206 3732 1305 3810 capias
1316 3746 1394 3808 pcr-

282 3855 370 3917 paam
384 3840 522 3915 enipeum
536 3840 563 3897 si
575 3841 723 3916 comperis
736 3837 853 3900 Nicolai
865 3837 979 3900 blumii
992 3848 1075 3899 notas
1087 3848 1172 3900 antea
1182 3838 1313 3898 ineditas.
1343 3853 1393 3896 sc-

243 3949 248 3961 *
282 3945 408 4006 eandam
424 3953 519 4005 autem
534 3943 651 4015 libram,
667 3947 699 4004 in
713 3964 795 4024 amm
811 3946 969 4009 Colbertiai
982 3948 1087 4008 codicis
1101 3945 1161 4006 Pet
1172 3944 1394 4025 Scaliperareid

282 4063 308 4114 ct
321 4049 534 4113 Tmmaesiomae
550 4051 699 4114 allascbio
716 4052 785 4114 abin
797 4054 942 4116 adbibitae
958 4055 1125 4116 collationes
1132 4053 1323 4115 Burmannus
1334 4053 1391 4112 ad-

283 4161 404 4230 diderat,
415 4170 567 4240 postpaam
576 4163 730 4241 morn’fero
741 4165 801 4241 ipsc
812 4161 914 4222 morbo
923 4159 1393 4241 correptasest,loanneslacobtts

281 4268 413 4332 lleislrirts
428 4272 600 4330 comestoris
613 4287 733 4366 mamm
748 4270 856 4331 abusus
869 4271 911 4330 ita
926 4269 1153 4343 administrauit,
1167 4279 1201 4330 ut
1214 4267 1337 4330 iuuenili
1352 4267 1386 4327 bi-
