3022 4956
574 465 716 518 sarram
1139 469 1200 532 137w

54 631 90 681 lo
106 642 169 686 rum
194 643 305 704 qnoque
326 623 456 702 gentium
476 623 598 684 feminas
622 624 657 684 ad
677 622 873 702 spectaculum
895 623 939 684 sui
960 631 1099 687 evocaret.
1132 625 1205 687 haec

105 741 171 801 ergo
185 742 247 784 curn
263 723 355 784 virum
371 724 537 794 extulisset,
553 739 612 782 non
629 729 764 783 contenta
780 723 889 800 vulgari
905 742 989 785 more
1002 723 1091 785 funus
1107 724 1202 803 passis

16 885 17 888 ,
104 822 235 901 prosequi
260 821 389 883 crinibus
416 829 466 882 aut
491 822 631 882 nudatum
658 827 760 900 pectus
786 821 816 881 in
843 829 1004 901 conspectu
1024 822 1202 902 frequentiae

104 921 245 999 plangere,
261 920 290 980 in
307 919 503 980 conditorium
519 920 605 981 etiam
620 927 775 1000 prosecuta
792 926 837 981 est
851 919 1033 994 defunctum,
1054 920 1201 1000 positum-

79 1035 90 1083 5
106 1037 158 1097 que
170 1019 198 1078 in
213 1019 363 1098 hypogaeo
380 1017 489 1079 Graeco
506 1037 588 1078 more
604 1037 711 1097 eorpus
727 1018 875 1079 custodire
890 1037 924 1079 ac
938 1018 1007 1080 llere
1020 1019 1090 1078 totis
1105 1019 1203 1080 nocti-

104 1117 155 1178 bus
175 1117 334 1196 diebusque
350 1116 455 1195 coepit.
486 1117 529 1178 sic
543 1117 737 1178 adflictantem
753 1135 785 1177 se
799 1133 832 1176 ae
847 1122 971 1177 mortem
988 1117 1083 1178 inedia
1099 1135 1201 1196 perse-

104 1222 231 1293 quentem
250 1233 312 1276 non
333 1223 469 1294 parentes
485 1222 646 1294 potueruut
660 1214 819 1285 abducere,
839 1230 900 1274 non
916 1214 1074 1296 propinqui
1081 1237 1089 1290 3
1110 1216 1201 1295 magi-

104 1320 203 1375 stratus
223 1314 333 1375 ultimo
349 1314 458 1394 repulsi
479 1314 626 1386 abierunt,
648 1312 884 1392 complorataque
904 1313 1058 1392 singularis
1080 1315 1202 1395 exempli

102 1413 200 1474 femina
220 1412 256 1474 ab
276 1413 415 1474 omnibus
434 1413 566 1493 quintum
583 1413 640 1473 iam
656 1412 732 1472 diem
748 1411 812 1472 sine
826 1412 963 1474 alimento
979 1415 1119 1476 trahebat.
1149 1416 1203 1475 ad-

66 1510 205 1572 residebat
223 1531 324 1591 aegrae
343 1511 486 1573 fidissima
507 1510 620 1584 ancilla,
640 1510 785 1589 simulque
805 1518 833 1571 et
847 1510 980 1572 lacrimas
997 1512 1203 1575 commodabat

48 1625 51 1632 ⁴
103 1609 203 1688 lugenti
220 1618 249 1672 et
267 1611 518 1689 quotienscunque
537 1609 680 1670 defecerat
697 1609 827 1687 positum
850 1611 879 1670 in
896 1611 1088 1673 monumento
1102 1613 1202 1674 lumen

105 1709 259 1771 renovabat.
295 1727 351 1770 una
372 1708 458 1787 igitur
478 1708 507 1768 in
527 1714 589 1768 tota
610 1706 722 1767 civitate
741 1707 837 1767 fabula
857 1714 932 1769 erat:
953 1708 1049 1769 solum
1072 1709 1203 1773 videlieet

103 1805 163 1867 illud
185 1807 341 1868 adfulsisse
360 1824 460 1867 verum
476 1805 630 1883 pudicitiae
644 1806 811 1886 amorisque
827 1807 990 1886 exemplum
1007 1808 1105 1867 omnis
1122 1806 1201 1868 ordi-

103 1905 144 1964 nis
156 1904 290 1966 bomines
306 1905 529 1982 confitebantur,
546 1924 613 1966 cum
628 1905 744 1966 interim
757 1905 916 1984 imperator
931 1904 1097 1985 provinciae
1111 1905 1201 1967 latro-

333 2021 395 2030 --·-

169 2073 181 2119 1
201 2073 370 2134 spectaculum
388 2073 424 2120 sui
444 2069 679 2135 ABODFFGPct,
699 2071 819 2138 Ioannes,
832 2073 1005 2139 florileyium:
1024 2073 1061 2122 sui
1074 2079 1202 2136 spectacu-

104 2142 150 2189 lum
167 2141 207 2206 Lp
342 2145 357 2190 2
379 2143 451 2193 funus
472 2169 504 2176 -
525 2146 539 2191 5
559 2159 628 2193 more
648 2144 900 2194 cum-deerrantibus
917 2145 996 2195 oculis
1010 2143 1201 2210 praetermisis-

103 2219 136 2260 aet
151 2211 273 2278 Scaliqem
293 2213 533 2277 supplantantem
551 2215 667 2280 morqiae
685 2215 710 2264 L
818 2218 910 2266 funeris
929 2218 1038 2266 officium
1058 2217 1094 2266 La

102 2286 174 2346 passis
191 2284 284 2349 BPpt:
307 2287 397 2349 sparsis
422 2281 523 2349 reliqui.
561 2287 634 2336 furius
659 2289 775 2350 prosequi
800 2289 906 2338 crinibus
931 2290 1021 2353 sparsis
1047 2297 1071 2340 ct
1099 2289 1201 2338 turbatis

104 2353 207 2405 Ioannes
329 2360 343 2406 3
364 2357 453 2421 sparsis
472 2373 569 2421 quoque
588 2359 703 2422 prosequi
724 2357 746 2408 Ο
833 2363 849 2408 4
868 2362 987 2425 plangore
1006 2359 1061 2410 FF
1145 2375 1201 2424 per·

102 2491 179 2531 secuta
196 2482 230 2544 A,
241 2481 409 2548 florilegium,
429 2481 607 2532 Memmianua.
635 2483 702 2534 moda
723 2492 808 2533 secuta
905 2485 1071 2550 bhypogueo
1088 2499 1140 2548 per
1162 2483 1201 2534 di·

98 2552 249 2619 pbtbonqacm
262 2553 326 2604 BL:
345 2555 473 2618 hypogato
486 2554 606 2617 Ioannes,
620 2558 711 2620 ypogio
717 2554 883 2621 florileqiom
896 2557 1029 2620 hyppogeo
1041 2553 1072 2618 θ,
1086 2571 1200 2621 yppogeo

102 2633 206 2675 correcta
224 2643 240 2689 g
260 2640 291 2675 eac
304 2641 316 2674 r
329 2623 362 2688 F,
380 2627 488 2692 ippogyo
502 2634 526 2675 et
539 2626 567 2676 ia
579 2627 695 2692 mespilae
707 2629 814 2691 ippogeo
827 2628 851 2675 A
924 2641 993 2676 more
1007 2626 1104 2676 Graeco
1118 2634 1201 2676 trona-

716 2706 728 2734 0

62 2767 67 2796 ι
98 2747 206 2812 ponitF
275 2749 374 2798 condire
387 2756 461 2798 cretus
473 2749 594 2799 Dorcielia
667 2754 681 2800 6
701 2753 722 2799 si
739 2751 904 2800 adflictantem
918 2750 951 2803 B.
971 2751 1130 2800 afflictantem
1143 2751 1201 2801 reli·

102 2819 142 2884 qui
202 2822 241 2870 ad
255 2830 361 2870 mortem
374 2820 400 2869 P
478 2830 556 2870 morte
569 2824 651 2872 media
664 2830 854 2887 prosequentem
867 2821 896 2871 F
974 2827 987 2871 l
1009 2823 1039 2871 ad
1053 2829 1112 2872 ante
1124 2824 1201 2872 abdu-

102 2907 149 2941 cere
162 2891 271 2942 deletum
283 2890 315 2954 L,
336 2893 457 2941 adducere
471 2891 496 2941 P
574 2908 624 2942 nou
638 2895 803 2958 magistratus.
831 2896 917 2943 ultimo
936 2893 1047 2945 Weblinr
1055 2911 1085 2959 p.
1097 2896 1130 2945 18

102 2999 188 3047 8ultio
208 3000 232 3047 A
341 2999 550 3062 comprobatusque
569 3001 600 3048 ab
619 3001 734 3048 omnibus
752 2999 844 3050 mediis
863 3001 960 3050 orniaaia
982 2999 1004 3050 Ο
1098 3001 1144 3052 lwe
1161 3019 1202 3052 or·

102 3067 155 3118 dine
173 3067 402 3132 ABDEFuPpa,
427 3068 553 3119 Ioannes:
576 3073 607 3120 ab
631 3071 745 3119 omnibus
769 3073 898 3135 singularis
924 3073 1029 3137 exempli
1052 3073 1145 3124 femina
1167 3073 1203 3123 Lt

103 3156 152 3190 cam
162 3140 302 3208 flomleqio.
339 3142 370 3188 ab
390 3156 436 3192 orn.
460 3139 485 3188 T
572 3145 586 3191 9
607 3141 668 3207 sine]
682 3142 801 3192 seAEF
887 3146 1049 3194 subtrahebat
1061 3143 1117 3194 EF

102 3214 229 3276 adsidebat,
249 3228 302 3261 non
319 3213 443 3262 assidebat
461 3211 486 3261 B
593 3212 731 3278 insudate
749 3214 871 3264 Phaedro
891 3214 1029 3281 adsignata
1048 3216 1142 3266 codicia
1155 3216 1202 3266 Pe-

102 3284 182 3334 rottt'na'
206 3282 281 3332 XIV
302 3298 382 3333 uerear
407 3287 455 3333 17.-
479 3285 592 3347 uldetque
617 3300 719 3349 aegram
744 3293 769 3335 ct
793 3287 855 3336 facie
880 3287 984 3350 pulchra
1010 3287 1127 3336 feminam
1150 3287 1203 3337 noli

102 3371 195 3420 aegram
214 3353 378 3405 Petroniaaa'r
397 3354 436 3404 bie
455 3353 593 3420 defendere
610 3354 656 3405 sed
675 3357 772 3421 corrdqe
790 3358 916 3421 egregiam
928 3359 991 3406 faeie
1004 3358 1067 3409 conl.
1081 3357 1202 3408 Phaedro

102 3425 151 3476 III
166 3431 192 3489 4,
213 3431 228 3476 7
248 3433 273 3475 et
289 3429 315 3488 8,
335 3428 351 3475 3
447 3429 478 3476 10
498 3428 655 3490 similiterque
673 3430 788 3478 lacrimas
806 3428 838 3480 P.
867 3437 891 3476 et
910 3444 957 3476 cm.
978 3426 1002 3476 G
1100 3429 1202 3478 lacinias

102 3497 129 3560 L,
144 3490 189 3548 ‘al
210 3515 229 3550 c.
249 3490 384 3562 lacrymas’
405 3514 493 3564 morqo
512 3497 550 3558 L,·
569 3498 605 3547 eie
625 3498 648 3548 d
798 3500 973 3549 commodabat
994 3497 1074 3562 ΟΒΕ,
1094 3498 1202 3550 Bitters-

69 3615 84 3638 ο
102 3568 198 3620 busina:
218 3570 392 3619 commedabat
405 3569 436 3633 G,
451 3567 985 3637 commendabatABFLPpt,florileqium.
1010 3573 1203 3621 commundabat

101 3638 445 3705 repraesentantem
518 3689 522 3694 ,
555 3644 584 3689 11
605 3643 727 3706 lugenteqi
748 3641 771 3691 0
866 3642 1060 3705 quotiescunque
1079 3641 1201 3708 Ioannes,

102 3714 255 3776 quotiensque
274 3711 312 3774 B,
338 3713 433 3775 quoties
456 3711 482 3760 L
501 3727 558 3762 cum
575 3712 713 3778 florileqio,
733 3713 846 3776 quotiens
864 3713 924 3776 Ppt.
961 3712 1007 3764 boc
1031 3721 1056 3764 et
1079 3716 1203 3766 defecerat

103 3800 142 3832 orn.
160 3782 326 3833 AODFFGa
451 3785 547 3848 quoties
565 3786 674 3847 positum
692 3786 775 3834 lumen
794 3786 819 3833 in
839 3794 1000 3835 monumento
1020 3786 1145 3837 defecerat
1162 3789 1202 3848 L,·

103 3856 218 3905 defecerat
236 3856 261 3903 in
281 3855 434 3904 monimento
461 3855 516 3904 sine
534 3856 642 3918 positum
660 3855 686 3906 P
790 3857 865 3906 limen
884 3855 914 3906 F
1020 3860 1050 3906 12
1070 3861 1203 3909 resonabat

103 3925 125 3974 P
234 3927 280 3975 erit
300 3925 326 3975 P
439 3935 463 3976 et
481 3928 597 3991 solump
724 3927 836 3976 uidelicet
854 3927 911 3977 illud
931 3929 1072 3991 cmnpoaui:
1092 3931 1203 3980 uidelicet

103 3995 220 4060 nurus,
240 4009 297 4056 ·v3·
322 3997 348 4046 A
366 3999 424 4047 illnd
444 3997 596 4058 occidentem
620 3999 678 4047 illud
697 3996 824 4060 BOLPpt
841 4015 897 4049 cum
915 3998 1019 4049 Iocone
1037 4008 1062 4050 et
1073 3999 1202 4067 florileqio

103 4069 230 4118 omittentes
253 4069 367 4118 uidelicet
476 4072 507 4117 13
527 4069 655 4118 adfulsisse
680 4067 786 4132 BPpst:
808 4072 929 4121 affulsisse
948 4071 973 4121 L
991 4088 1047 4121 carm
1060 4070 1161 4122 Ioanne
1179 4080 1204 4121 et

98 4139 229 4206 florilegio,
249 4141 375 4190 affluxisse
388 4139 527 4203 Annum
547 4137 710 4203 afluxissetO
796 4143 916 4204 pudicicie
928 4142 979 4192 Ad
1070 4144 1202 4192 1411οωί-

103 4227 140 4260 nes
158 4228 202 4264 om.
222 4209 406 4272 sonorem
424 4211 485 4260 inde
504 4226 590 4260 omnes
609 4211 707 4258 ordines
726 4227 737 4258 a
853 4216 1031 4263 ocolitebantur
1049 4213 1082 4275 L,
1101 4214 1202 4261 confite·

103 4284 184 4331 buntur
202 4282 228 4332 P
322 4299 379 4332 cum
398 4282 465 4332 delet
482 4282 594 4332 Iahnius
686 4282 771 4348 imper.
785 4283 867 4338 sicF.
904 4293 1049 4349 procurator
1067 4281 1201 4334 Iocabatur
