3022 4956
323 433 364 496 ss
797 425 955 482 rnraomr

321 605 389 649 cum
405 583 582 647 Trimalchio
599 591 628 646 et
643 583 770 647 osculari
785 581 893 646 diutius
910 582 1015 662 coepit.
1043 583 1140 663 itaque
1154 585 1327 658 Fortunata,
1344 594 1372 647 nt
1384 596 1441 647 aar

321 704 415 764 aequo
432 684 477 746 ius
494 684 610 745 lirmum
627 675 817 763 approbaret,
832 680 907 742 male
922 681 1018 742 dicare
1029 680 1279 744 Trimalchionem
1294 685 1379 764 coepit
1391 694 1413 744 et
1492 715 1493 750 l

323 789 547 865 purgamentum
564 782 750 861 dedecusque
767 778 944 867 praedicare,
959 780 1011 860 qui
1025 798 1087 841 non
1103 781 1268 842 contineret
1282 783 1412 844 libidinem

323 900 417 944 suam.
453 880 555 942 ultimo
575 879 662 942 ctiam
682 878 802 941 adiecit:
819 869 937 939 ‘canis'.
972 878 1148 940 Trimalchio
1169 887 1274 941 contra
1299 883 1411 942 oliensus

323 981 450 1044 convitio
471 979 590 1042 calicem
606 978 754 1040 infaciem
769 977 946 1038 Fortunatae
959 977 1091 1039 immisit.
1121 977 1181 1052 illa,
1201 986 1338 1059 tanquam
1353 993 1434 1042 ocu-t

322 1081 383 1142 lum
404 1077 596 1159 perdidisset,
617 1074 786 1138 exclamarit
803 1091 967 1151 manusque
986 1082 1146 1136 trementes
1166 1077 1203 1137 ad
1222 1077 1326 1138 faeiem
1344 1097 1412 1138 suan

324 1177 462 1239 admovit.
492 1178 677 1236 consternata
696 1179 742 1234 est
761 1172 847 1233 ctiam
869 1171 997 1234 Scintilla
1016 1174 1272 1254 trepidantemque
1290 1174 1354 1235 sinu
1370 1194 1411 1235 suo

322 1275 403 1344 texit.
433 1275 525 1336 immo
544 1291 619 1353 puer
638 1289 754 1352 quoque
775 1269 925 1332 officiosus
946 1273 1096 1334 urceolum
1114 1272 1256 1352 frigidum
1276 1272 1311 1333 ad
1325 1272 1411 1332 malam

324 1374 388 1436 eius
408 1371 549 1444 admovit,
575 1389 664 1450 super
683 1388 771 1449 quem
790 1366 963 1431 incumbens
983 1369 1144 1432 Fortunata
1167 1390 1284 1450 gernere
1308 1390 1340 1432 ao
1358 1371 1412 1430 liare
1493 1415 1494 1448 ,

324 1470 430 1550 coepit.
460 1475 561 1530 contra
578 1467 754 1528 Trimalchio
770 1459 857 1547 ‘quid
872 1457 985 1526 enim?
1002 1465 1096 1545 inquit
1106 1458 1276 1530 ‘ambubaia
1291 1487 1349 1530 non
1361 1489 1411 1529 me·
1425 1484 1445 1533 rr
1493 1459 1494 1518 ἶ

323 1567 419 1641 minit,
436 1566 489 1626 scd
504 1568 539 1628 de
550 1564 683 1626 machilla
695 1565 772 1627 illam
784 1564 898 1638 sustuli,
913 1564 1065 1625 hominem
1077 1565 1152 1627 inter
1162 1566 1301 1628 homines
1311 1569 1369 1628 feci.
1391 1575 1414 1628 al

324 1667 405 1728 inssat
424 1684 457 1726 se
476 1673 616 1744 tanquam
636 1680 720 1734 rana,
740 1669 768 1724 et
787 1662 817 1724 in
838 1664 937 1726 sinum
958 1681 1046 1723 snum
1067 1681 1128 1724 non
1144 1664 1237 1744 spuit,
1254 1666 1350 1740 codex,
1364 1685 1412 1727 non

325 1765 440 1826 mulier.
467 1764 519 1826 sed
540 1761 601 1835 hic,
624 1761 723 1840 quiin
744 1762 862 1841 pergula
882 1768 968 1821 natus
990 1768 1047 1834 est,
1067 1762 1154 1824 aedes
1174 1781 1236 1824 non
1259 1764 1412 1826 somniatur.

325 1863 363 1925 ita
379 1863 495 1943 genium
512 1880 610 1923 meum
626 1859 789 1940 propitium
804 1859 936 1930 habeam,
954 1858 1072 1934 curabo,
1089 1862 1206 1922 domata
1221 1862 1261 1924 sit
1272 1862 1413 1925 Cassandra

326 1962 466 2040 coligaria.
496 1968 526 2022 et
545 1978 612 2039 ego,
633 1959 723 2021 homo
744 1959 959 2038 dipondiarius,
979 1959 1146 2021 sestertium
1168 1960 1277 2022 centies
1299 1963 1445 2040 acciperem

324 2060 417 2141 potui.
444 2058 503 2120 scis
518 2066 551 2120 tu
566 2076 613 2118 me
628 2074 689 2118 non
706 2057 833 2118 mentiri.
864 2057 976 2136 Agatho
992 2058 1203 2136 unguentarius
1219 2058 1288 2120 herc
1299 2060 1413 2138 proxime
1494 2079 1495 2100 ¹

324 2157 440 2220 seduxit
455 2176 502 2217 me
516 2164 545 2218 et
555 2147 576 2173 “
586 2146 717 2217 suadeo”
732 2156 826 2235 inquit
837 2147 924 2219 “non
939 2156 1059 2237 patiaris
1074 2176 1167 2236 genus
1182 2165 1267 2219 tuum
1282 2149 1412 2220 interire‘'.

326 2264 355 2318 at
365 2274 419 2335 ego
432 2256 503 2316 dum
514 2255 641 2315 bonatus
654 2272 708 2332 ago
721 2262 750 2314 et
761 2254 829 2315 nolo
841 2254 932 2318 videri
946 2255 1027 2330 levis,
1042 2257 1106 2336 ipse
1119 2255 1190 2316 mihi
1202 2256 1309 2319 asciam
1321 2259 1349 2318 in
1359 2276 1413 2318 crus

326 2352 443 2434 impegi.
469 2360 556 2428 recte,
568 2351 688 2426 curabo,
704 2371 752 2412 ma
764 2351 909 2432 unguibus
922 2371 1053 2433 quaeras.
1082 2362 1112 2415 et
1121 2362 1154 2416 nt
1165 2355 1412 2435 depraesentiarum

399 2573 412 2619 1
426 2571 522 2621 auidius
541 2569 652 2622 Webliao
662 2587 689 2635 p.
700 2573 733 2622 39
826 2575 840 2620 2
853 2571 1064 2622 Trimalchionem
1076 2573 1198 2623 altiorem
1209 2574 1238 2624 ia
1250 2574 1359 2624 oratioue
1369 2571 1413 2620 Ea·

325 2641 409 2708 colprd,
429 2659 480 2692 more
498 2643 608 2693 iocorum
626 2651 656 2694 ut
672 2643 795 2708 opimatur
819 2642 930 2693 Weblias
946 2646 1028 2708 par.
1054 2660 1100 2693 roeo
1112 2647 1292 2695 Trimalchioni
1306 2645 1412 2710 com'qera

324 2714 392 2764 malo
410 2730 488 2779 qaam
501 2730 554 2779 pro
572 2715 796 2780 interpretamento
813 2730 904 2764 moenera
919 2714 1012 2765 laudere
1024 2723 1054 2765 at
1064 2717 1087 2764 ei
1099 2718 1163 2766 male
1176 2717 1258 2767 dicere
1270 2715 1411 2780 caedendam
1495 2739 1496 2770 2

325 2786 359 2836 rit
448 2789 462 2834 3
476 2788 565 2835 domus
573 2795 634 2850 poor
644 2793 837 2851 purgamentum
850 2785 964 2836 addebat
974 2786 1099 2837 Heinsius
1183 2791 1200 2837 4
1213 2797 1301 2839 contra
1313 2789 1411 2838 eoniusm

1309 2857 1411 2868 ...-—-

325 2893 435 2940 offensns
454 2888 488 2938 H
504 2897 535 2939 at
557 2889 658 2941 dadam
682 2892 848 2944 coniecerant.
884 2893 993 2941 offensus
1012 2891 1131 2942 delerem
1146 2891 1292 2958 Schefferas
1310 2903 1332 2946 et
1347 2892 1413 2943 Heia·

325 2961 379 3010 aias
479 2962 493 3008 5
514 2963 626 3010 conuicio
644 2962 679 3013 H
773 2969 786 3012 T
807 2962 973 3030 SoyutillaH
1063 2965 1078 3013 8
1097 2966 1237 3015 malumH
1321 2969 1412 3028 9quan

325 3030 450 3082 Heirrae'ere
542 3034 574 3080 10
587 3035 698 3082 meminit
710 3033 848 3085 Heinsius:
861 3049 901 3083 ma
913 3035 980 3083 misit
991 3033 1026 3083 H
1111 3040 1141 3085 11
1157 3037 1199 3086 aod
1213 3039 1243 3087 de
1256 3037 1357 3103 ababa:
1366 3035 1413 3084 seda

325 3102 361 3154 Η.
399 3103 420 3151 si
438 3102 469 3152 dc
486 3099 640 3168 Sabefferaq
659 3107 702 3154 sed
721 3121 733 3154 e
751 3105 880 3169 Beledina,
900 3121 926 3155 se
946 3103 1030 3170 (qaod
1048 3107 1254 3172 coaiarqqerrdam
1272 3127 1327 3160 cam
1343 3106 1412 3158 memi-

325 3175 363 3224 nit
380 3173 445 3240 eoae)
469 3175 499 3224 de
521 3174 646 3224 Hec’uac'aa
766 3179 881 3227 machilla
899 3176 1068 3228 Rumonem
1093 3179 1168 3229 arrico
1192 3179 1295 3244 quidem
1318 3175 1413 3241 caeamlo

325 3244 371 3296 sed
388 3262 441 3296 aare
458 3246 540 3312 anapia
558 3254 673 3311 adaperto
692 3265 770 3312 qaam
788 3249 905 3299 restituta
923 3264 1008 3312 anper
1018 3249 1112 3300 Plauto
1124 3251 1221 3301 Persae
1234 3256 1286 3303 687
1306 3251 1413 3302 crumilla:

325 3320 468 3369 maebillam
486 3318 521 3371 H
558 3319 676 3369 machina
694 3319 824 3384 Reiakiao,
843 3322 963 3384 mactrilio
980 3320 1117 3372 delmerius
1245 3327 1276 3374 12
1297 3339 1344 3373 non
1361 3320 1414 3385 spuit

324 3390 460 3442 hebraee:
478 3391 593 3456 conspuit
610 3390 646 3441 H.
683 3393 869 3455 nec-conspuit
887 3390 1021 3441 Iacobaa'aa
1131 3396 1163 3442 14
1182 3393 1362 3459 propiciumH

325 3465 346 3512 si
363 3462 399 3517 H.
435 3464 468 3513 sis
489 3461 601 3514 Omoliaa
615 3478 645 3526 p.
658 3465 693 3513 45
811 3478 914 3512 euaoura
932 3461 1034 3514 alicaria
1052 3464 1188 3516 Beroeam
1201 3466 1329 3529 probante
1345 3463 1413 3515 Heia·

325 3534 362 3582 eio
473 3538 504 3584 15
524 3536 698 3600 depundiarius
716 3536 865 3585 sextorcium
889 3533 917 3583 H
1038 3539 1069 3586 16
1089 3545 1164 3601 agata
1184 3537 1219 3587 H
1351 3539 1414 3585 horae

324 3603 469 3668 Sebefferao
487 3606 533 3669 qai
551 3605 657 3656 debebat
673 3608 802 3671 proximae
821 3620 919 3670 qaoque
937 3605 1047 3656 arridere
1155 3609 1187 3658 18
1206 3610 1312 3659 bonatus
1329 3607 1414 3672 quiap-

320 3675 430 3736 ponitar
447 3677 495 3725 leui
514 3684 550 3725 eat
568 3677 763 3741 teqqioaroatua,
786 3677 841 3728 aiae
860 3684 1016 3728 contractam
1034 3693 1066 3728 eso
1083 3679 1214 3728 bouinatos
1233 3689 1358 3731 atnomus
1370 3690 1413 3740 pro

325 3745 439 3793 nouimus
463 3746 536 3808 apud
559 3748 676 3798 Enniam
699 3757 722 3799 et
745 3749 774 3799 ia
796 3747 956 3799 Memmiana
983 3749 1053 3799 atreb
1077 3759 1180 3799 uouerat
1208 3750 1356 3818 disyllabum
1376 3744 1414 3811 (σί.

325 3828 388 3862 mas.
407 3813 458 3866 ab.
476 3831 502 3867 a.
521 3815 578 3865 XV
587 3834 617 3882 p.
630 3820 696 3883 434)
715 3820 770 3870 aiae
789 3819 858 3885 qaod
875 3821 884 3868 i
898 3819 1094 3883 producebatur
1113 3821 1266 3873 mutandam
1283 3824 1311 3874 la
1328 3822 1415 3872 bouiua-

325 3892 364 3932 tua
383 3891 426 3936 eet.
463 3887 593 3937 bouinator
616 3891 799 3956 terpiaeraator
817 3909 834 3942 a
852 3890 954 3942 Lucilio
978 3900 1004 3941 at
1024 3891 1098 3955 apud
1118 3891 1228 3943 Gellium
1246 3894 1294 3944 XI
1308 3899 1323 3944 7
1341 3887 1415 3956 appel·

325 3954 403 4004 latur.
440 3972 491 4006 marr
514 3957 589 4006 credo
607 3976 625 4009 a
643 3963 709 4011 bono
728 3961 833 4014 ductam
850 3963 1002 4014 uocabulum
1020 3963 1144 4014 bominem
1164 3963 1230 4014 horta
1247 3974 1328 4016 memte
1338 3961 1415 4030 fidene

320 4025 473 4092 praeditam
484 4027 610 4080 iudicare.
638 4033 704 4082 hona
716 4035 769 4083 aliis
782 4035 839 4087 Iac.
851 4033 1007 4098 Gronoaiaa,
1020 4037 1082 4085 bene
1095 4041 1168 4084 natus
1181 4039 1310 4087 aerbonis
1322 4047 1416 4101 progna·

326 4106 365 4146 tus
382 4097 520 4164 Heinsius,
545 4102 624 4151 bonas
646 4117 698 4154 esse
721 4112 807 4170 satago
831 4105 1003 4170 Maaalcerac,
1032 4109 1181 4156 umbonatus
1205 4115 1253 4157 aar
1274 4111 1416 4158 honoratus

324 4167 483 4236 Scheffcrar,
507 4174 644 4222 honoratus
662 4173 780 4226 Hadriae
793 4193 822 4241 p.
835 4181 880 4240 20,
901 4180 1026 4243 aporiatus
1044 4177 1193 4243 Belaeaiao,
1217 4176 1337 4241 βουλαίως
1353 4173 1416 4228 heia·

324 4240 383 4292 lciaa
490 4245 581 4294 asciam
600 4260 666 4298 corr.
686 4245 715 4296 iar
732 4247 823 4298 asaiam
840 4248 875 4299 H
