3022 4956
609 431 751 484 sarram
1188 434 1229 497 59

73 599 99 648 H
116 587 277 650 decollari:
298 587 363 666 quia
384 586 477 658 enim,
499 585 524 645 si
540 585 646 646 scitum
661 595 753 661 esset,
774 606 878 649 aurum
894 606 950 667 pro
965 588 1027 649 luto
1043 577 1227 650 haberemus.

113 686 148 748 in
165 690 288 764 argento
304 687 387 762 plane
402 684 553 746 studiosus
568 704 645 745 sum.
675 686 769 747 habeo
785 687 912 766 scyphos
923 687 1040 748 urnales
1053 686 1119 766 plns
1132 687 1229 750 minus
1244 685 1285 745 52

115 783 157 844 C:
175 783 423 862 quemadmodum
437 783 599 844 Cassandra
615 784 721 845 occidit
734 784 810 845 lilios
826 804 908 858 suos,
923 791 952 844 et
966 784 1050 863 pueri
1065 786 1174 846 mortui
1189 787 1231 848 ia-

115 889 188 942 cent
213 881 255 940 sic
275 887 308 940 ut
328 883 424 943 vivere
444 889 538 961 putes.
569 881 662 941 habeo
686 882 802 962 capides
817 883 860 955 M,
881 901 955 962 quas
975 882 1090 962 reliquit
1104 891 1230 961 patrono

81 993 95 1039 5
116 999 185 1041 mco
203 979 377 1054 Mummius,
393 981 443 1041 ubi
458 978 599 1040 Daedalus
614 979 738 1042 Niobam
751 977 784 1040 'in
800 999 907 1061 equum
924 981 1086 1042 Troianum
1101 980 1231 1044 includit.

115 1098 193 1140 nam
208 1078 390 1139 Hermerotis
411 1095 525 1157 pugnas
541 1084 569 1138 et
584 1078 718 1140 Petraitis
734 1080 764 1140 in
780 1079 893 1159 poculis
909 1080 1018 1154 habeo,
1040 1079 1139 1140 omnia
1154 1098 1231 1159 pon-

115 1179 242 1250 derosa3
258 1195 357 1238 mcum
374 1177 452 1236 enim
466 1175 622 1255 intelligere
637 1179 715 1238 nulla
730 1178 852 1258 pecunia
867 1169 979 1240 vendo?

209 1275 283 1334 haec
303 1275 373 1336 dnm
398 1276 501 1348 refert,
523 1267 596 1354 puer
615 1276 731 1338 calicem
752 1277 883 1356 proiecit.
915 1277 951 1337 ad
968 1295 1055 1354 quem
1070 1276 1231 1355 respiciens

117 1373 302 1434 Trimalchio
314 1366 393 1435 ‘cito'
408 1373 503 1454 inquit
513 1367 553 1435 ‘te
565 1375 664 1454 ipsum
677 1375 772 1445 mede,
789 1377 855 1454 qnia
866 1393 963 1454 nugax
974 1366 1024 1436 es?
1048 1375 1147 1436 statim
1159 1373 1232 1454 puer

116 1534 229 1582 alterum
248 1532 298 1580 hoc
317 1533 392 1596 scire,
410 1532 480 1579 iussit
530 1532 661 1580 arbitratus
680 1537 719 1580 est
735 1547 765 1580 eo
785 1533 850 1593 quod
870 1533 1059 1581 familiaritatem
1077 1531 1190 1581 Caesaris
1209 1538 1233 1581 et

114 1607 192 1654 illum
233 1603 302 1666 [enm
332 1603 379 1652 alii
408 1601 478 1665 libri]
527 1604 718 1651 admirationem
741 1604 853 1651 omnium
876 1619 902 1651 sc
925 1605 1090 1666 promeruisse
1109 1604 1233 1654 credebat.

116 1677 219 1726 Caesar
231 1675 354 1735 decollari,
372 1689 403 1722 ne
420 1676 479 1722 dum
530 1676 572 1722 sed
600 1689 670 1722 secus
695 1675 792 1722 accidit.
833 1675 953 1736 quaesiuit
977 1676 1044 1723 enim
1067 1674 1172 1736 Caesar,
1200 1691 1232 1723 an

114 1749 175 1796 hoc
194 1747 321 1808 cognitum
339 1748 416 1806 lieret,
435 1761 479 1794 au·
530 1747 591 1794 alius
610 1746 683 1794 sciret
700 1747 767 1794 hanc
787 1747 941 1794 condituram
955 1747 1089 1794 citreorum
1103 1746 1233 1808 [uitromm

116 1833 181 1867 rum
203 1832 249 1880 pro
273 1819 324 1865 luto
347 1819 480 1866 haberetur
526 1817 621 1880 priora
646 1816 825 1881 exemplaria}
866 1818 932 1880 quod
957 1832 1014 1865 cum
1032 1827 1147 1879 negaret,
1175 1831 1233 1865 eum

116 1899 144 1938 et
181 1889 293 1937 omnium
325 1890 479 1937 metallorum
530 1889 647 1937 decollari
664 1889 792 1952 praecepit
809 1889 944 1950 imperator
962 1889 1057 1937 dicens:
1077 1889 1134 1950 quia
1150 1889 1169 1935 si
1181 1889 1232 1936 hoc

116 1962 204 2024 pretia
217 1961 425 2010 abstraherentur.
454 1969 478 2009 et
530 1960 659 2008 artificium
677 1961 858 2024 innotesceret,
882 1975 970 2008 aurum
994 1967 1018 2008 et
1042 1967 1173 2023 argentum
1197 1959 1233 2006 ni·

116 2046 229 2090 reuera,
249 2033 305 2093 quia
324 2031 344 2079 si
363 2045 422 2078 ussa
442 2032 478 2078 ui·
529 2031 649 2080 lesecrent
667 2032 736 2093 qnasi
754 2033 841 2079 lutum.
879 2046 911 2079 an
931 2046 990 2080 uera
1009 2032 1040 2079 sit
1057 2031 1144 2079 relatio
1164 2036 1188 2080 et
1206 2031 1233 2078 fi·

117 2113 180 2152 trea
211 2117 260 2150 non
299 2103 477 2165 frangerentur,
530 2103 597 2165 dalis,
616 2103 738 2150 incertum
757 2109 807 2164 est,
832 2103 907 2151 etde
926 2103 992 2152 facto
1012 2101 1125 2152 Caesaris
1144 2102 1233 2150 diuersi

117 2173 229 2222 meliora
248 2181 329 2222 essent
347 2189 421 2235 quam
435 2189 478 2222 au·
529 2174 626 2222 diuersa
644 2175 760 2226 sentiunt.

116 2261 181 2295 rum
200 2253 224 2293 et
241 2251 379 2308 argentum.

137 2390 153 2393 ..
160 2389 203 2394 0-
209 2387 425 2396 ›qn-..wanne-

149 2479 153 2484 ·
199 2461 214 2508 2
232 2459 301 2507 hebo
319 2457 353 2508 H
464 2459 478 2506 3
500 2456 519 2506 C
538 2455 642 2518 addidi,
660 2473 723 2506 nam
739 2458 763 2506 D
782 2457 858 2507 etiam
871 2473 924 2522 pro
946 2455 1140 2506 Trimalchionis
1158 2457 1249 2518 lauti-⁴

118 2530 170 2582 tiis
188 2529 296 2579 nimium
313 2529 432 2589 uidetur-5
451 2529 511 2578 item
534 2528 645 2578 Wehlius
658 2545 688 2592 p.
701 2531 743 2579 28.
780 2528 940 2578 intercidisse
957 2542 1093 2576 numerum
1109 2526 1234 2576 Heinsius

119 2601 204 2665 uidit,
224 2600 374 2652 addendum
388 2609 528 2666 practerea
546 2602 633 2663 quibus
652 2601 762 2648 effictum
781 2598 889 2648 (locrius
902 2599 1011 2663 putauit
1117 2601 1133 2646 4
1152 2599 1235 2646 sicuti

119 2678 210 2725 uiuere
229 2673 368 2723 Heinsius:
396 2674 466 2722 sicuti
485 2687 541 2720 uere
560 2671 596 2724 H.
633 2670 794 2733 coraparauit
810 2669 944 2719 Jaaolsiua
966 2668 1046 2719 Ouidi
1062 2677 1119 2718 met.
1137 2668 1168 2717 Χ
1181 2671 1234 2719 250

115 2739 246 2810 ‘uirpinis
265 2753 304 2793 cst
319 2761 398 2794 uerae
408 2742 495 2810 facies
514 2759 591 2807 quam
609 2742 698 2791 uiuere
716 2734 818 2790 credas'
840 2750 864 2790 et
882 2741 1010 2792 Gallicana
1028 2739 1060 2789 de
1078 2739 1235 2806 Arpentora-

122 2817 194 2868 tensi
211 2817 253 2865 illa
271 2824 431 2866 monumento
449 2814 605 2864 historiolam
623 2813 691 2863 hanc
706 2805 752 2862 ‘an
765 2813 869 2876 perluit
883 2813 949 2862 dans
961 2813 988 2862 la
1001 2811 1080 2877 petite
1091 2811 1185 2877 fauilla
1198 2812 1235 2863 da

122 2887 243 2939 tomheae
261 2887 299 2938 alu
316 2887 448 2938 marichal
459 2885 491 2935 da
503 2884 574 2935 Saue
586 2893 611 2934 et
621 2885 671 2934 lou
684 2884 764 2934 disait
775 2901 837 2934 auec
850 2901 876 2934 aa
889 2893 932 2934 ton
939 2883 1067 2948 pricieua
1081 2884 1098 2932 h
1110 2884 1137 2934 la
1148 2884 1235 2935 mode:

121 2963 154 3010 la
161 2960 247 3024 fipure
266 2959 298 3009 de
316 2959 342 3008 la
359 2967 425 3008 mort
436 2976 453 3007 a
465 2965 520 3006 tant
533 2956 706 3020 &capressina
718 2957 793 3021 qu'ou
800 2957 925 3021 paurrait
937 2956 994 3006 dire
1006 2955 1093 3021 qu'ette
1105 2965 1142 3006 eat
1147 2957 1235 3022 plaiae

123 3033 161 3082 de
179 3025 231 3080 vte’
341 3033 440 3094 capides
458 3031 485 3078 M
505 3029 610 3093 scripsi:
636 3030 749 3093 capidem
767 3028 802 3077 H
813 3028 883 3078 unde
901 3045 977 3091 qnam
996 3028 1129 3078 Patauina

121 3109 233 3170 patrono
255 3117 312 3150 meo
335 3103 469 3158 Mummius
488 3101 594 3164 sampsi:
618 3109 780 3163 patronomm
803 3116 872 3149 meus
896 3099 932 3153 H.
969 3109 1075 3164 patrono
1099 3116 1155 3150 meo
1179 3102 1235 3166 Mys

122 3173 253 3226 Heinsius
272 3172 398 3223 eruditius
412 3188 464 3238 pro
482 3171 586 3221 inscitia
602 3171 798 3221 Trimalchionis
816 3180 846 3220 ut
858 3180 924 3236 puto
942 3187 1024 3236 neque
1043 3170 1178 3222 caelatoris
1190 3170 1236 3221 aad

124 3245 219 3296 diuitis
238 3246 363 3294 testatoris
380 3243 528 3294 memoriam
547 3242 673 3306 desidero,
691 3251 796 3306 patrono
816 3245 937 3293 Romulus
954 3244 1132 3306 Burmannus,
1152 3250 1235 3308 patro·

123 3332 218 3368 norum
235 3332 298 3364 unus
319 3315 433 3380 Gonnus,
452 3323 571 3378 patronus
590 3331 660 3372 meus
680 3314 814 3364 Patauina
826 3331 893 3378 quae
911 3315 1023 3364 inserere
1042 3315 1104 3362 mihi
1123 3312 1235 3376 debedat,

123 3397 290 3454 patronorum
309 3397 429 3451 patronus
454 3385 564 3436 Wehlius
578 3403 607 3449 p.
623 3390 664 3448 16,
683 3387 797 3435 Patroclo
816 3388 980 3435 Prometheus
999 3383 1120 3434 Reishius

125 3463 142 3510 5
163 3461 272 3525 nyobam
291 3458 327 3512 H.
362 3459 427 3508 mala
447 3457 575 3508 Graecam
585 3457 704 3523 formam
722 3458 818 3506 Nioben
836 3456 980 3521 culpabant
1069 3458 1083 3503 6
1107 3457 1158 3503 iam
1176 3453 1236 3503 Bei-

124 3531 228 3593 nesius,
252 3532 327 3580 etiam
351 3529 487 3582 Iacohsius
617 3529 768 3578 Hermerotis
786 3527 937 3577 Reinesius:
960 3527 1095 3576 hemerotis
1118 3524 1155 3579 H.
1189 3525 1236 3575 mi-

125 3619 186 3653 rum
204 3601 234 3650 ni
251 3603 410 3652 Hermeranis
434 3599 588 3650 Trimalchio
607 3599 749 3650 declinauit
841 3615 938 3663 pugnas
956 3596 1109 3661 Scheffenrs,
1129 3597 1236 3648 etBur-

124 3690 252 3724 mauram:
270 3681 405 3737 pugnasset
417 3672 452 3723 H
558 3673 667 3736 petraitis
686 3670 727 3720 hia
746 3676 770 3719 et
786 3670 814 3720 in
833 3686 889 3734 cap.
904 3673 936 3720 71
950 3670 985 3719 Η
997 3668 1066 3734 quod
1082 3668 1236 3734 pladiatoris

124 3760 219 3796 rronaen
240 3761 297 3794 cum
316 3745 390 3809 quale
414 3745 449 3794 sit
464 3744 576 3794 nesciam
594 3744 740 3792 Patrocletis
760 3742 862 3792 conieci.
900 3759 935 3791 an
954 3758 1029 3792 casas
1046 3749 1131 3791 reatus
1149 3743 1235 3792 Petras

125 3815 293 3878 statrtendus,
318 3815 363 3866 hoc
386 3824 470 3866 autern
494 3830 584 3865 nauca
609 3811 812 3877 comparandum
835 3811 869 3862 acl
891 3819 1010 3878 correpta
1032 3812 1096 3862 talia
1120 3814 1236 3862 Artemas

125 3893 223 3940 Damas
245 3890 332 3938 Menas
351 3889 469 3937 Theudas
494 3886 707 3935 lPheronuctem
729 3884 903 3934 Claudianum
928 3885 1044 3934 libertum
1065 3885 1093 3934 in
1111 3883 1173 3934 luda
1191 3884 1237 3935 Se·

125 3975 206 4011 raecae
225 3975 282 4023 cap.
298 3961 331 4008 13
349 3959 473 4011 inuenies.
510 3959 632 4006 Tetraidis
645 3955 866 4006 Frisdlasndarus
885 3973 948 4008 mus.
961 3955 1043 4006 Rhea.
1062 3973 1088 4008 n.
1101 3954 1131 4003 X
1134 3972 1165 4020 p.
1174 3958 1235 4019 553,

125 4033 268 4082 Petronatis
287 4030 416 4092 Reislciua
435 4029 589 4078 Petranactis
607 4028 635 4077 in
654 4027 820 4076 adnotatione
832 4028 968 4080 Antonias.
1006 4027 1034 4078 iu
1053 4029 1236 4091 cap.71Pari-

126 4106 164 4153 dis
184 4101 339 4166 Schefferus,
357 4102 500 4152 Paedcrotis
518 4098 717 4149 fflldchrandus
734 4097 771 4147 aol
782 4098 878 4163 Apulei
889 4107 946 4153 met.
959 4099 1006 4148 XI
1012 4103 1046 4150 21
1054 4115 1084 4163 p.
1096 4100 1164 4150 1065

128 4181 142 4224 7
159 4182 221 4239 past
232 4175 372 4238 ponderosa
379 4189 470 4237 pauca
482 4170 641 4221 intercidisse
653 4170 771 4220 lacolsia
784 4169 940 4220 uidebantur
1031 4169 1114 4237 Sipm
1126 4167 1161 4220 H
1167 4166 1237 4233 quool

126 4249 206 4310 ipsam
225 4245 338 4308 Lucius,
355 4247 438 4310 ipsum
458 4243 559 4293 Kailios
577 4242 770 4307 inter-pretatur.
806 4242 900 4293 acanus
918 4244 985 4307 ipsus
