3022 4956
305 419 346 483 78
778 416 935 471 Pli'l'llllllll
1174 466 1180 471 .

387 579 535 634 recreatus
550 571 609 634 hec
624 589 761 636 sormam
769 571 890 654 reposui
901 571 1042 646 cubitum,
1057 569 1286 650 Habinnamque
1295 569 1429 632 innan-u

304 677 364 732 tem
390 687 457 732 cnm
483 669 676 734 admiratione
699 670 810 750 ingenti
835 670 1016 752 spectabam.
1049 668 1096 732 ille
1114 676 1212 730 autem
1233 668 1291 730 iam
1311 668 1401 730 ebrius

304 767 404 830 uxoris
419 786 490 831 suae
503 767 636 831 humeris
650 768 834 849 imposuerat
847 785 970 844 manns,
986 774 1183 846 oneratusque
1197 766 1309 846 aliquot
1324 785 1401 828 coro-

304 865 351 928 nis
366 871 395 928 et
409 873 559 946 unguento
575 884 629 946 per
643 865 772 929 frontem
787 867 818 929 in
833 865 934 928 oculos
949 867 1058 930 fluente
1071 864 1297 945 praetoriolam
1310 883 1401 944 sepe

304 963 364 1026 suit
377 965 576 1046 continuoque
589 965 690 1028 vinum
704 972 734 1026 et
748 964 859 1028 midam
873 965 1019 1045 poposcit
1049 963 1206 1026 ducentas
1217 963 1273 1025 hac
1284 961 1425 1025 Trimal-t
1493 1025 1494 1046 χ

305 1061 372 1124 chio
392 1061 534 1126 hilaritate
553 1071 582 1126 et
600 1064 665 1144 ipse
684 1062 866 1142 capaciorem
884 1062 1023 1143 poposcit
1041 1061 1185 1142 scyphum
1200 1059 1401 1141 quaesivitque,

305 1161 455 1242 quomodo
467 1169 604 1242 aceeptus
616 1169 704 1224 esset.
730 1151 850 1223 ‘omnia'
866 1154 1137 1242 inquit‘hahuimus
1149 1166 1266 1240 practer
1276 1167 1320 1234 te3
1336 1158 1402 1220 oculi

305 1259 383 1321 enirn
403 1257 461 1320 mei
480 1259 528 1322 hie
547 1268 639 1323 erant.
669 1267 698 1322 et
716 1259 897 1323 mehercules
917 1259 993 1322 bene
1011 1259 1076 1322 luit
1106 1257 1205 1320 Scissa
1225 1257 1339 1321 lautum
1353 1275 1401 1318 no·

304 1355 433 1418 vendiale
452 1373 538 1418 servo
558 1374 614 1420 suo
634 1358 746 1420 misello
765 1357 902 1432 iaciebat,
921 1363 1010 1438 quem
1023 1364 1174 1420 manuum
1190 1356 1401 1418 manumiserat
1494 1379 1495 1396 ¹

304 1463 333 1518 et
345 1461 429 1534 pute,
444 1472 511 1516 cum
526 1454 734 1518 vicensimariis
749 1473 885 1536 magnam
900 1456 1071 1518 mantissam
1085 1455 1185 1530 habet3
1201 1453 1435 1535 quinquagintale

304 1553 382 1614 enim
401 1552 532 1614 millibus
552 1554 706 1617 aestimant
724 1562 884 1618 mortuum.
913 1554 964 1617 sed
985 1561 1084 1616 tamen
1099 1553 1227 1615 suanter
1240 1554 1310 1628 init,
1325 1553 1402 1614 etiam

305 1651 328 1713 si
349 1652 441 1714 eoacti
459 1669 563 1714 sumus
583 1651 716 1716 dimidias
736 1653 873 1733 potiones
893 1671 983 1732 super
1001 1651 1139 1714 ossucula
1159 1653 1222 1713 eius
1244 1639 1402 1715 effundere-³

250 1746 290 1809 66
301 1742 428 1814 ‘nmen'
444 1749 540 1831 inquit
553 1750 728 1814 Trimalchio
744 1741 832 1831 ‘quid
847 1749 990 1814 habuistis
1004 1750 1035 1812 in
1050 1741 1154 1812 eenai'
1179 1741 1302 1812 ‘dicam'
1317 1747 1401 1828 inquit

301 1843 339 1912 ‘si
353 1859 492 1931 potuem3
512 1867 581 1911 narn
601 1857 661 1912 tam
680 1850 776 1912 bonae
795 1849 957 1911 memoriae
971 1867 1054 1923 snm,
1073 1855 1107 1912 ut
1119 1849 1287 1930 frequenter
1301 1864 1401 1910 nornen

304 1967 404 2011 meum
424 1949 586 2010 obliviscar.
613 1948 771 2011 habuimus
789 1955 887 2010 umen
901 1948 932 2009 in
946 1948 1043 2028 primo
1059 1965 1183 2028 porcum
1197 1948 1306 2028 poculo
1322 1963 1400 2008 coro·
1415 1953 1437 2004 lt

305 2053 407 2108 natum
431 2054 460 2108 et
479 2047 555 2108 circa
573 2047 763 2110 servunculum
783 2054 812 2109 et
831 2047 936 2126 gizeria
957 2046 1068 2126 optime
1086 2046 1161 2108 iacta
1175 2053 1204 2108 et
1219 2054 1298 2109 certe
1312 2045 1399 2108 betam

305 2151 335 2204 et
348 2162 454 2222 panem
470 2151 647 2224 autopyrum
662 2145 698 2206 de
712 2163 767 2206 suo
783 2143 853 2217 sibi,
870 2163 956 2225 quem
972 2161 1025 2222 ege
1041 2144 1119 2207 malo
1135 2163 1224 2226 quam
1240 2144 1400 2219 candidum

306 2240 425 2302 etrires
440 2240 517 2316 facit,
532 2250 644 2305 etcum
660 2263 725 2306 mea
738 2262 772 2305 re
790 2245 894 2321 [causa]
911 2243 996 2316 faeie,
1012 2259 1074 2304 non
1085 2243 1181 2323 ploro.
1192 2245 1201 2326 1
1211 2243 1400 2324 sequensfer·
1496 2243 1497 2268 ³

306 2338 403 2400 cuum
421 2337 476 2402 fuit
495 2339 621 2404 scriblita
635 2342 738 2422 frigida
758 2350 788 2405 et
802 2359 891 2422 snpra
905 2342 963 2402 mel
978 2341 1092 2404 mitium
1108 2342 1240 2405 infusum
1256 2341 1400 2404 excolente

305 2435 478 2517 liispannm.
508 2438 605 2520 itaque
626 2442 661 2504 de
680 2440 808 2504 scriblita
824 2440 941 2521 quidem
956 2458 1018 2502 non
1033 2439 1189 2503 minimum
1205 2441 1261 2514 edi,
1277 2440 1312 2501 de
1325 2437 1399 2500 melle
1412 2444 1437 2495 it

306 2555 353 2598 me
372 2555 466 2618 usque
486 2539 574 2618 tetigi.
601 2541 677 2601 eirea
698 2539 773 2602 cicer
792 2547 821 2601 et
839 2539 988 2620 lupinum,
1008 2539 1102 2602 calvae
1120 2540 1261 2604 arbitratu
1281 2546 1311 2602 et
1333 2535 1400 2600 mua

306 2721 391 2765 tamen
407 2721 439 2765 ui
454 2715 574 2766 mutilata
592 2715 657 2766 iulio
666 2713 773 2781 suerint
789 2716 831 2779 qni
850 2730 900 2764 non
919 2716 979 2764 assis
998 2717 1167 2766 aestimaretur
1185 2718 1232 2766 nisi
1250 2717 1366 2765 uideretur

378 2805 392 2851 5
404 2802 521 2867 fortusse
538 2804 661 2854 hilaritate
674 2805 826 2854 Trimalchio
935 2805 950 2853 8
968 2803 1036 2854 mulo
1054 2812 1090 2854 set
1197 2803 1280 2855 Scissa
1295 2798 1398 2854 mirabile

305 2887 397 2923 nornen
415 2873 477 2926 uim'.
508 2873 575 2940 Sylla
597 2873 778 2940 {l'ilebmnenua²
797 2875 871 2925 Scilla
888 2873 1032 2938 Reineeiua,
1051 2874 1120 2925 Stilla
1131 2873 1254 2925 Beisiiua
1354 2874 1398 2922 lan·

307 2959 365 2994 cnm
377 2945 549 3004 nouendinlem
561 2944 602 2995 H:
621 2948 713 2997 lautam
731 2947 905 2997 nouendialem
917 2945 1050 3008 Heinsius,
1068 2963 1165 2997 merum
1183 2947 1330 2998 nouendiale
1343 2942 1398 2994 lile·

307 3013 425 3064 bmaenus
437 3012 631 3081 Scleeffemsque
738 3021 753 3067 9
772 3019 866 3068 misello
882 3033 974 3068 nunen
985 3017 1055 3068 serui
1067 3015 1196 3083 Scheffero
1206 3018 1294 3068 uisum
1305 3024 1346 3082 eat,
1360 3015 1399 3064 mi·

307 3087 380 3136 sellus
397 3101 467 3150 erup.
484 3085 610 3138 Heinsius
711 3092 742 3138 11
764 3091 884 3139 extimant
901 3088 936 3139 H
1039 3092 1070 3139 12
1090 3105 1163 3154 super
1181 3089 1399 3140 Anasteloelumentt

308 3155 589 3222 euemplum:supreH
654 3160 810 3210 ossiienlaH
887 3163 939 3210 eins
951 3160 989 3210 itu
1000 3168 1030 3210 ut
1041 3176 1053 3210 s
1064 3159 1344 3212 uideaturimluctuH

309 3231 342 3278 13
362 3243 425 3279 cene
442 3224 457 3267 7
477 3245 544 3294 quus
562 3237 599 3280 eet
614 3229 814 3297 interrogatoria
831 3238 893 3282 noia
911 3229 947 3282 H.
984 3230 1109 3283 edebatur
1127 3249 1215 3283 cenam
1233 3241 1264 3284 ut
1280 3235 1306 3283 in
1322 3243 1399 3282 cenent

306 3302 359 3352 lieri
376 3300 419 3351 uel
435 3317 489 3352 esse
509 3301 605 3352 dicium
623 3318 679 3367 cap.
693 3307 728 3353 47
747 3303 791 3354 uel
811 3302 924 3354 Terentii
940 3302 1234 3356 Heautontimorumeno
1252 3305 1274 3356 I
1284 3308 1309 3369 2,
1321 3306 1352 3356 37
1365 3293 1400 3351 ‘ut

305 3373 411 3424 uideam
428 3373 457 3424 in
476 3389 565 3426 cenum
583 3372 648 3439 quid
665 3373 737 3425 nobas
754 3369 815 3424 siet'
836 3373 976 3425 secuudum
993 3375 1146 3427 Bembinum
1274 3380 1306 3426 14
1323 3383 1399 3441 potero

305 3444 488 3498 Hadriunidee
597 3449 629 3497 15
648 3461 753 3512 porcum
770 3449 873 3510 porculo
891 3445 1020 3510 Rabirius,
1039 3450 1169 3512 porculum
1187 3449 1261 3512 epulo
1278 3446 1398 3506 Heinsius,

306 3532 410 3581 porcum
428 3520 522 3570 ferculo
541 3519 588 3570 boc
605 3526 635 3569 ut
646 3535 703 3568 cum
715 3519 795 3582 primo
807 3518 957 3584 iungeretur
968 3517 1122 3584 Schefferus,
1140 3534 1245 3584 porcum
1257 3521 1340 3570 botulo
1351 3517 1399 3569 Iac.

308 3587 456 3640 Gronouius
566 3593 596 3640 16
616 3591 780 3640 sannnculum
804 3589 897 3655 scripsi
914 3588 945 3640 iu
962 3597 999 3640 est
1014 3589 1136 3642 seuillum
1154 3589 1187 3654 cf.
1204 3589 1366 3642 bmnuaeculus
1382 3593 1402 3636 tl

307 3659 445 3710 homullum:
463 3663 641 3711 sannunculum
659 3660 693 3710 H
705 3659 775 3726 quoti
793 3667 951 3711 contractum
968 3677 981 3711 e
1000 3663 1183 3712 senilucuncnlo
1195 3660 1320 3713 Heinsius
1332 3666 1400 3728 puter·

308 3727 360 3782 bat.
396 3732 568 3780 sauiunculum
586 3731 784 3783 ffildebrundus
803 3731 840 3782 ad
851 3732 947 3797 Apulei
963 3741 1021 3787 met.
1033 3732 1064 3782 X
1073 3734 1144 3797 1312.
1158 3735 1219 3787 907.
1255 3734 1401 3785 lncnncnlnna

307 3797 452 3864 Beinesius,
470 3800 634 3855 Muneleemu.
671 3805 839 3868 saucaptidem
858 3804 968 3856 Plautus
978 3803 1062 3870 finuit
1077 3804 1107 3854 in
1124 3803 1256 3855 Pseudulo
1371 3801 1402 3866 gi·

307 3872 375 3935 geria
386 3868 503 3935 somnum
519 3871 648 3923 substituit
662 3872 808 3940 Sebeffemu
914 3877 992 3926 fauete
1005 3874 1119 3926 Iahnius
1224 3891 1288 3927 num
1306 3883 1330 3927 et
1346 3875 1402 3924 circa

307 3940 410 3991 betam?
428 3958 460 3993 ex
472 3951 543 3993 aceto
562 3945 644 3994 betam
662 3945 795 4012 Heinsius,
814 3948 956 3998 eicerbitem
973 3947 1110 3998 Beineeius
1221 3949 1253 3997 17
1274 3948 1402 4012 autepirnn

307 4009 343 4063 H
445 4015 477 4062 18
496 4015 562 4064 uices
580 4013 614 4064 H
716 4033 792 4068 caasa
803 4015 904 4069 ¹seclusi
916 4017 949 4084 cf.
962 4018 998 4069 ed
1005 4035 1036 4084 p.
1050 4021 1120 4081 54,3
1233 4021 1266 4069 la
1279 4025 1304 4070 et
1315 4021 1347 4069 20
1364 4016 1402 4066 eci·

307 4084 396 4134 ribilita
414 4082 455 4149 H,
475 4100 541 4149 quae
559 4093 644 4151 potest
660 4087 759 4138 muiicu
773 4088 860 4155 fuisse
879 4090 984 4142 aueum
1001 4097 1031 4141 ut
1049 4088 1217 4142 tmebilinium
1228 4105 1284 4154 pro
1303 4085 1403 4142 triclinio

307 4154 453 4220 similiaque
465 4156 597 4222 pennum
697 4159 791 4210 uacuus
809 4163 1003 4226 super-infusam
1111 4163 1144 4213 20
1163 4176 1213 4211 non
1233 4162 1337 4212 nimium
1354 4158 1403 4211 Iac.

309 4226 457 4281 Graeculus
563 4231 596 4279 21
616 4244 656 4280 me
674 4230 763 4294 usqne]
782 4247 904 4296 nusquam
922 4231 1047 4285 Heinsius
