3008 4962
304 447 343 508 40
776 440 932 494 rsruonu

301 601 331 660 in
352 597 461 658 caelum
483 595 552 658 abiit
571 604 600 657 et
619 595 845 678 Trimalchionis
865 603 987 675 topanta
1006 603 1058 657 est
1089 597 1124 658 ad
1147 616 1309 672 summam,
1331 617 1409 659 mero
1424 604 1455 654 ut

302 695 423 757 meridie
438 695 463 756 si
480 695 583 756 dixerit
595 695 631 756 illi
644 695 779 756 tenebras
792 714 866 766 esse,
884 695 992 756 credet.
1010 691 1021 778 b
1037 695 1101 774 ipse
1112 695 1207 755 nescit
1218 697 1287 775 quid
1301 697 1410 772 habeat,
1425 706 1442 755 t

302 795 374 856 adeo
392 794 523 874 saplutus
540 801 597 868 est3
618 795 669 855 sed
686 795 757 855 haec
771 793 894 873 lupatria
911 793 1044 874 providet
1059 793 1156 854 omnia
1172 801 1201 853 et
1214 793 1264 854 ubi
1280 811 1344 854 non
1359 815 1411 873 pu-

302 899 356 954 tes.
387 899 432 952 est
452 892 543 966 sicca,
565 892 679 965 sobria,
700 893 848 954 bonorum
871 893 1062 954 consiliorum
1086 894 1214 969 [tantum
1235 894 1301 953 auri
1316 892 1413 970 videet,
1498 935 1499 972 3

303 998 459 1054 esttamen
476 991 567 1050 malae
581 989 709 1068 linguae,
727 993 789 1071 pica
805 990 973 1072 pulvinaris.
1004 1008 1093 1069 quem
1108 999 1198 1065 amat,
1214 999 1307 1064 amat;
1329 1003 1438 1071 querno
1498 989 1499 1030 Τ

302 1109 364 1152 non
381 1099 470 1162 amat,
485 1106 546 1150 non
562 1095 650 1150 amat.
681 1089 745 1169 ipse
761 1088 941 1152 Trimalchio
957 1088 1066 1148 londos
1083 1088 1178 1159 hahet,
1195 1108 1252 1168 qua
1269 1089 1350 1151 milvi
1366 1108 1413 1148 ro-

301 1189 375 1262 lant,
397 1205 589 1248 nummorum
612 1205 761 1249 nummos.
796 1195 948 1268 argentum
971 1187 1002 1247 in
1025 1186 1136 1248 ostiarii
1157 1187 1233 1248 illius
1257 1188 1330 1249 cella
1351 1188 1412 1268 plus

302 1289 388 1359 iacet,
411 1303 497 1365 quam
514 1286 667 1365 quisquam
683 1286 712 1346 in
728 1286 855 1348 fortunis
871 1286 965 1346 habet.
995 1284 1104 1346 familia
1117 1305 1186 1347 vero
1202 1285 1296 1347 babae
1315 1286 1412 1356 babae,

302 1402 364 1446 non
384 1381 565 1444 mehercules
585 1389 656 1460 puto
678 1385 830 1446 decumam
851 1391 964 1463 partem
986 1402 1052 1445 esse
1067 1403 1141 1462 quae
1154 1383 1313 1446 domiuum
1331 1403 1413 1447 suum
1499 1363 1500 1424 Ψ

412 1561 447 1566 ....
456 1559 603 1568 .-—-.---

378 1664 507 1712 loaelum
525 1662 561 1712 sic
574 1659 608 1710 Η
710 1662 847 1711 ascenderit
866 1661 974 1724 abiitL‚
1000 1663 1073 1711 subiit
1091 1671 1204 1728 marpot
1286 1672 1414 1730 -topsnts

304 1763 378 1817 libri.-
395 1753 423 1818 ri
442 1759 490 1818 πᾶν
509 1783 546 1820 ea.
565 1767 659 1815 Victor.
679 1767 717 1815 vel
735 1754 767 1815 rai
783 1753 861 1816 cairan
879 1783 969 1832 mar-po
987 1768 1020 1832 L,
1039 1769 1208 1832 hierophanta
1224 1785 1316 1834 marpo
1338 1779 1354 1824 t.
1381 1781 1413 1820 to·

304 1847 380 1904 panto
403 1857 455 1890 non
477 1838 578 1889 mutaui
603 1837 667 1902 qnia
691 1823 719 1888 ab
739 1825 818 1887 adora
837 1837 910 1902 apud
928 1839 1096 1904 sensipraecos
1114 1839 1170 1888 illos
1183 1856 1236 1903 pro
1254 1841 1414 1891 substantiam

297 1909 383 1976 suissc
402 1911 519 1974 uidetur,
544 1909 660 1974 alioquin
678 1909 774 1974 corripi
791 1910 969 1958 Trimalchioni
988 1899 1019 1961 cai
1037 1900 1115 1961 nciam
1135 1910 1242 1960 debebat
1259 1913 1333 1976 quod
1351 1913 1414 1962 solas

305 1980 429 2031 Heinsius
442 1981 586 2046 perspexit.
623 1977 729 2029 datione
747 1979 822 2043 enim,
840 1997 893 2030 non
909 1981 1042 2046 panetiuus
1061 1980 1199 2032 adhibetur
1210 1983 1239 2034 in
1251 1983 1300 2034 bac
1311 1985 1414 2050 formu-

305 2051 332 2101 la
351 2053 424 2102 cuius
443 2051 649 2116 antiquissimum
667 2052 809 2116 enemplum
827 2051 975 2102 Herodotus
994 2050 1014 2101 I
1032 2055 1082 2102 122
1097 2054 1205 2118 praebet
1328 2060 1344 2106 2
1359 2064 1416 2122 post

304 2125 388 2172 erodet
406 2131 455 2173 tres
473 2123 606 2173 asteriscos
625 2121 718 2172 babent
736 2124 788 2187 Lp,
806 2140 887 2173 unum
906 2131 922 2174 t.
959 2139 1042 2173 uacuo
1060 2140 1139 2174 uersu
1157 2125 1287 2177 interiecto
1300 2137 1415 2192 per-punt

304 2193 333 2242 in
351 2209 408 2257 cap.
421 2197 454 2244 55
575 2197 589 2242 3
610 2196 719 2258 saplutus
738 2187 873 2259 ζάπλουτος
891 2194 997 2260 antique
1015 2203 1045 2244 nt
1061 2194 1137 2246 Setae
1155 2205 1180 2247 et
1196 2214 1260 2247 sona
1274 2215 1328 2264 pro
1341 2199 1415 2249 Zetho

304 2280 417 2327 zonaque
551 2266 671 2329 Lupatrio
689 2263 725 2317 H.
762 2266 901 2316 sententiae
923 2267 1034 2315 manime
1058 2269 1176 2318 conuenit
1199 2269 1358 2320 uocabulum
1381 2269 1415 2319 ael

304 2335 389 2384 nisum
411 2345 541 2400 spectans,
560 2344 645 2400 potest
668 2345 753 2386 autem
777 2345 806 2386 ut
823 2337 939 2401 lupatria
956 2338 999 2388 uel
1016 2338 1136 2402 lupaeria
1154 2340 1228 2403 apud
1246 2342 1358 2392 rusticos
1376 2359 1414 2391 su-

298 2406 493 2472 perstitionibus
511 2407 631 2458 obnoxios
649 2407 715 2458 illud
733 2409 848 2459 timuerit
864 2409 987 2473 quoniam
1005 2417 1076 2460 ceute
1095 2426 1198 2462 cernere
1216 2412 1273 2477 lupi
1291 2422 1371 2478 atque
1388 2415 1414 2463 in

304 2478 386 2529 Italia
412 2481 482 2530 uisus
508 2496 594 2529 eorum
611 2480 705 2529 acacius
724 2496 776 2530 esse
795 2479 955 2531 credebatur.
992 2481 1078 2547 itaque
1096 2483 1119 2531 si
1137 2483 1213 2532 liceat
1229 2473 1413 2554 λυκὸῲθαλμον

303 2551 484 2616 interpretari,
505 2553 622 2617 primam
639 2552 729 2602 saltem
746 2552 816 2603 illius
834 2552 908 2602 uerbi
921 2560 1026 2615 partem
1043 2569 1181 2605 sereremus.
1218 2573 1255 2605 an
1271 2547 1413 2624 λυκᾶνθρω-

303 2640 347 2680 nae
366 2624 534 2690 sipnificatnr‚
557 2623 700 2688 uersioellis
719 2639 786 2688 quae
803 2624 934 2689 ineopnita
953 2623 1099 2688 appareat?
1135 2629 1261 2690 eupatoria
1274 2636 1339 2692 post
1356 2629 1413 2678 Rei·

303 2694 401 2744 nesium
420 2695 553 2746 Iacobsins
572 2695 595 2744 b.
615 2711 635 2748 e.
656 2689 798 2765 εὐπατέρεια
816 2694 981 2746 Homericum
999 2695 1067 2760 quod
1085 2697 1212 2747 latinitate
1230 2699 1352 2749 Lucilius
1371 2700 1413 2750 do·
1502 2711 1503 2720 ¹

303 2774 422 2829 nouerat,
441 2769 500 2831 lupa
519 2768 586 2815 ebrio
605 2765 758 2831 Selsefferus‚
777 2769 836 2831 lupo
854 2769 911 2816 trita
930 2765 1051 2830 (dossius,
1069 2770 1165 2832 luparia
1183 2769 1369 2836 Furianettus,
1388 2775 1412 2822 li·

302 2852 377 2901 parus
393 2852 486 2901 praece
504 2836 633 2886 Studerns
647 2853 677 2900 p.
698 2841 739 2901 10,
762 2839 893 2902 lupatrism
916 2838 993 2903 uulpo
1011 2838 1107 2888 dietam
1120 2841 1318 2906 pro-lupatrice
1338 2843 1382 2894 uel
1398 2861 1414 2893 a

303 2905 367 2969 lupa
391 2915 415 2956 ct
434 2907 546 2956 truands
566 2907 703 2957 deductam
716 2925 768 2972 pro
787 2909 911 2973 lupatruc
929 2908 1040 2960 babebat
1060 2909 1171 2962 Oriolius
1185 2928 1215 2976 p.
1236 2916 1251 2962 9
1380 2917 1413 2964 uti

305 2977 412 3028 Gaesius
520 2981 536 3026 4
551 2987 665 3041 postest
684 2979 897 3046 interpunpebant
1009 2989 1105 3032 tantum
1125 2985 1178 3032 auri
1196 2986 1265 3034 uides
1284 2987 1413 3036 narratio-

288 3049 344 3099 -nis
363 3048 480 3098 ordinem
499 3049 632 3099 turbantia
650 3050 748 3105 seclusi.
778 3051 842 3101 milei
859 3052 1111 3116 interpretamentum
1129 3055 1230 3104 illarum
1249 3058 1313 3106 adeo
1332 3060 1413 3122 saplu-

303 3129 342 3170 tus
366 3129 403 3169 est
427 3119 552 3170 uidentur
575 3129 604 3170 ut
621 3122 734 3173 nesciam
752 3139 788 3172 an
805 3125 874 3173 diues
893 3123 1017 3187 scriptum
1027 3124 1123 3189 suerit.
1150 3118 1225 3176 ‘baec
1244 3129 1352 3178 suntin
1370 3130 1413 3179 illo

303 3185 459 3242 landabilia'
487 3192 708 3255 interpretabatur
731 3192 859 3244 Studemcs
873 3212 903 3259 p.
925 3198 965 3244 10.
1003 3200 1101 3248 tantum
1118 3200 1161 3247 uni
1179 3201 1237 3248 fides
1256 3200 1300 3249 nel
1316 3209 1412 3250 tantum

302 3265 327 3313 iu
352 3280 412 3314 auro
438 3265 497 3314 huic
516 3265 558 3312 uni
577 3265 636 3314 tides
654 3264 791 3330 Heinsius,
810 3272 929 3329 tanquam
948 3268 1002 3315 suri
1021 3269 1080 3318 lidos
1094 3285 1146 3334 pro
1164 3263 1249 3340 χρυσῆ
1269 3270 1412 3336 Iacobsius²

302 3345 399 3386 tantum
423 3338 475 3386 suri
500 3337 632 3402 prouidens
658 3336 772 3390 Goesius.
810 3336 982 3402 praecessisse
1006 3338 1098 3404 aliqua
1121 3341 1237 3390 censebat
1259 3341 1412 3408 Scheffenes,

302 3417 398 3459 tautum
418 3411 471 3458 auri
490 3403 563 3459 nidcs'
572 3447 660 3464 .....
673 3410 685 3458 i
710 3408 820 3459 Wehlius
839 3417 868 3458 nt
880 3408 1081 3472 praedicanerit
1098 3413 1211 3461 connino
1227 3415 1319 3464 matris
1330 3415 1412 3480 fami·

301 3480 353 3530 liae
376 3481 402 3531 in
426 3498 491 3531 asaro
515 3481 646 3532 seruando
671 3480 838 3549 elilipentiam.
876 3481 904 3529 in
928 3498 954 3534 u.
974 3486 987 3530 7
1014 3490 1075 3533 ante
1098 3499 1258 3534 nummorum
1281 3487 1414 3536 transtulit

302 3551 485 3616 Burmannus,
514 3554 543 3602 in
566 3571 592 3606 n.
612 3556 627 3602 8
653 3562 712 3604 ante
737 3555 828 3603 familia
851 3552 979 3602 Ananim
1004 3552 1122 3619 idemne
1145 3555 1255 3604 malebat
1279 3556 1412 3607 Iacobsius

301 3633 405 3684 pontum
428 3624 565 3688 corrigens.
603 3625 764 3691 eapunpebat
780 3624 827 3673 illa
844 3622 964 3674 Nodotus
1091 3629 1105 3674 5
1125 3627 1180 3688 pica
1199 3629 1334 3692 puluinar-is
1354 3629 1412 3680 binc

303 3693 434 3756 exscripta
458 3693 490 3742 ab
516 3694 615 3744 Ioartne
634 3695 824 3746 Saresberiensi
843 3694 899 3760 pol.
918 3694 975 3745 ΙΙΙ
991 3697 1024 3745 13
1038 3713 1068 3760 p.
1088 3699 1141 3748 203
1160 3705 1184 3746 et
1201 3701 1339 3763 composita
1357 3717 1412 3751 cum

303 3762 402 3812 cornice
420 3772 556 3816 nocturna.
593 3773 630 3815 est
647 3766 757 3818 callidae
773 3766 938 3832 parmelitatis
956 3767 1050 3817 mulier
1067 3767 1201 3819 eiamiseela
1214 3769 1289 3834 (price
1301 3773 1344 3822 nel
1355 3772 1412 3838 sep‘b

305 3831 419 3882 Oriolius
432 3850 463 3898 p.
484 3838 517 3883 10
515 3835 545 3900 ):
562 3837 626 3899 pios,
645 3840 778 3902 uulpinsris
796 3847 843 3888 aut
859 3840 985 3903 lupanaris
997 3837 1196 3890 Hildebrandus
1215 3841 1251 3891 ad
1264 3841 1342 3907 Apul
1355 3852 1410 3894 met.

303 3901 360 3953 ΙΙΙ
369 3907 404 3955 22
411 3921 442 3969 p.
457 3908 516 3968 192,
535 3907 591 3971 pico
609 3911 749 3972 apollinaris
762 3908 895 3960 Iacobsius
913 3910 983 3960 mala
1003 3911 1157 3961 eminentem
1175 3914 1317 3979 suplicans,
1336 3917 1410 3978 putidi

303 3976 369 4024 naris
388 3984 531 4040 praeeunte
555 3977 684 4042 ricbeffero
702 3980 758 4030 Iac.
779 3981 926 4031 Oronouius
1046 3986 1060 4032 6
1080 3985 1232 4033 Trimalchio
1255 4003 1410 4050 saper-naeu

302 4061 379 4096 neum
506 4065 581 4113 quarn
599 4049 629 4100 iel
647 4059 682 4100 est
700 4060 821 4115 quantum
838 4051 983 4117 Sobeffcrus
1104 4057 1147 4104 uix
1165 4055 1256 4105 noant
1269 4057 1411 4123 aliquando

303 4115 428 4168 Heinius
549 4124 562 4169 7
583 4129 607 4170 et
624 4121 702 4172 addit
718 4122 839 4174 Reislcius
964 4141 1081 4177 nummos
1099 4143 1259 4176 nummorum
1279 4129 1412 4195 transponi

302 4189 387 4244 uelim.
424 4205 582 4241 nummorum
600 4195 696 4243 modios
715 4191 837 4245 Statileus
855 4195 884 4244 in
902 4197 1066 4258 responsione
1080 4215 1110 4264 p.
1125 4199 1177 4249 327
1191 4198 1230 4252 sel.
1250 4199 1343 4254 Burm.
1357 4215 1410 4266 pn,

302 4277 461 4313 nummorum
480 4265 591 4313 cumulos
611 4263 736 4315 Halmius
