3022 4956
592 465 735 520 sarman
1175 467 1215 534 33

68 621 190 683 Hmodi
212 637 350 682 cenarum
371 621 526 700 imaginem
546 611 627 682 fieri?
655 621 780 682 necdum
799 620 931 681 finieram
947 638 1129 696 sermonem,
1149 639 1217 683 cum
1233 626 1274 687 70

105 719 287 780 Trimalchio
302 718 354 780 ait:
368 710 418 780 ‘ita
433 737 563 781 crescam
578 719 767 798 patrimonio,
783 735 845 779 non
860 737 994 797 corpore,
1011 727 1043 780 nt
1057 720 1113 781 ista
1128 739 1217 782 cocus

105 837 193 880 meus
216 817 252 878 de
272 836 363 898 porco
384 819 459 880 lecit.
487 836 549 879 non
568 826 668 898 potest
687 837 753 879 esse
772 817 931 897 pretiosior
949 817 1051 878 homo.
1083 818 1217 892 volneris,

104 917 141 978 de
156 917 244 978 uulva
258 917 344 978 faciet
359 915 485 994 piscem,
502 917 538 977 de
552 915 633 977 lardo
649 916 835 996 palumbum,
856 916 892 975 de
907 933 997 993 perna
1013 923 1167 989 turturem,
1184 915 1220 976 de

74 1031 88 1078 5
107 1013 241 1093 colaepio
262 1013 403 1092 gallinam.
435 1022 463 1075 et
480 1015 546 1077 ideo
568 1015 686 1093 ingenio
707 1034 773 1077 meo
795 1015 967 1094 impositum
990 1022 1035 1075 est
1053 1014 1092 1074 illi
1108 1031 1219 1075 nomen

105 1111 316 1186 bellissimnm3
330 1131 398 1173 nam
413 1113 556 1174 Daedalus
571 1120 699 1175 vocatur.
732 1122 762 1175 et
777 1115 843 1194 quia
857 1113 966 1175 bonam
981 1121 1110 1174 utentem
1125 1112 1220 1187 habet,

106 1212 189 1273 attuli
205 1211 246 1273 illi
260 1211 354 1272 Roma
369 1230 476 1272 munus
493 1213 602 1274 cultros
618 1211 725 1274 Norico
741 1203 838 1274 ferro.²
869 1232 943 1292 quos
961 1213 1058 1274 statim
1074 1213 1160 1274 iussit
1175 1212 1219 1274 al-

105 1311 178 1372 ferri
204 1309 412 1389 inspectosque
438 1310 561 1371 miratus
582 1318 635 1372 est.
671 1311 757 1373 etiam
778 1310 865 1374 nobis
884 1317 1062 1389 potestatem
1082 1311 1162 1387 fecit,
1187 1317 1221 1372 ut

105 1425 281 1468 mucronem
298 1410 334 1470 ad
349 1409 470 1470 buccam
486 1411 687 1489 probaremus.

62 1509 90 1559 10
196 1505 296 1567 subito
312 1506 492 1570 intraverunt
508 1509 565 1570 duo
582 1511 666 1584 servi,
682 1518 822 1590 tanquam
837 1509 886 1588 qui
901 1509 995 1570 rixam
1011 1509 1047 1569 ad
1062 1508 1157 1569 lacum
1175 1507 1190 1568 f
1205 1541 1220 1552 ·

106 1604 235 1678 cissent3
255 1611 332 1666 certe
351 1605 382 1666 in
401 1607 475 1668 collo
497 1608 592 1669 adhuc
612 1611 770 1690 amphoras
789 1608 943 1670 habebant.
973 1626 1039 1667 cum
1062 1626 1131 1687 ergo
1153 1605 1219 1667 Tri-

105 1703 237 1766 malchio
259 1703 304 1765 ius
324 1704 401 1764 inter
420 1704 565 1783 litigantes
585 1705 707 1783 diceret,
728 1716 830 1770 neuter
851 1705 1024 1768 sententiam
1038 1705 1104 1767 tulit
1119 1707 1220 1767 decer-

106 1802 224 1873 nentis,
241 1803 293 1863 sed
309 1801 425 1863 alterius
441 1804 615 1882 amphoram
630 1806 707 1867 iuste
723 1804 877 1886 percussit.
908 1805 1087 1866 consternati
1102 1823 1158 1865 nos
1173 1803 1220 1863 in·

106 1901 234 1963 solantia
255 1900 404 1962 ebriorum
420 1901 625 1964 intentavimus
642 1904 743 1966 oculos
758 1904 788 1966 in
804 1903 980 1982 proeliantes
994 1901 1221 1980 notavimusque

63 2011 90 2061 15
108 2009 212 2066 ostrea
232 1998 421 2079 pectinesque
441 2019 456 2060 e
477 2001 582 2079 gastris
597 2004 735 2076 labentia,
757 2022 830 2082 quae
845 2002 964 2064 collecta
979 2020 1053 2080 puer
1066 2001 1148 2062 lance
1164 1999 1220 2061 cir-

108 2097 255 2162 cumtulit.
286 2099 338 2158 has
354 2097 479 2160 lautitias
495 2103 627 2182 aequavit
641 2103 810 2182 ingeniosus
827 2120 928 2176 cocus3
944 2101 974 2162 in
991 2100 1127 2163 craticula
1143 2097 1221 2160 enim

108 2204 247 2278 argentea
263 2197 394 2258 cochleas
411 2199 506 2260 attulit
520 2207 548 2260 et
562 2201 685 2263 tremula
700 2202 923 2281 taeterrimaque
938 2219 1007 2262 voce
1023 2199 1156 2262 cantavit.

198 2296 289 2376 pudet
303 2295 420 2368 referre,
435 2315 507 2376 quae
523 2306 674 2360 secuntur:
694 2298 825 2361 inaudito
841 2301 920 2361 enim
936 2318 1018 2360 more
1033 2299 1117 2379 pueri
1132 2296 1221 2378 capil-

107 2396 161 2457 lati
176 2395 336 2456 attulerunt
350 2403 531 2472 unguentum
548 2397 577 2457 in
594 2406 729 2475 argentea
741 2398 821 2477 pelve
832 2400 980 2478 pedesque
991 2397 1221 2459 recumbentium

63 2506 93 2556 2ο
111 2499 272 2567 unxerunt,
288 2512 354 2554 oum
370 2500 436 2554 ante
453 2497 536 2556 crura
550 2496 685 2574 talosque
701 2496 819 2557 corollis
835 2495 1006 2557 vinxissent.
1036 2495 1106 2555 hinc
1120 2513 1154 2554 er
1170 2511 1221 2554 eo·

111 2593 180 2654 dem
197 2598 346 2670 unguento
362 2592 392 2652 in
408 2592 550 2655 vinarium
566 2601 652 2673 atque
666 2595 813 2655 lucernam
829 2593 1009 2674 aliquantum
1028 2600 1072 2654 est
1091 2592 1222 2653 infusum

200 2745 258 2807 iam
279 2753 414 2826 coeperat
427 2747 586 2809 Fortunata
605 2747 674 2808 velle
690 2747 808 2820 saltare,
824 2747 883 2808 iam
899 2747 1026 2808 Scintilla
1041 2744 1222 2825 frequentius

113 2844 271 2926 plaudebat
286 2833 372 2923 qua'm
387 2844 568 2925 loquebatur,
586 2866 652 2908 cum
665 2845 841 2908 Trimalchio
854 2836 1019 2926 ‘permitto'
1034 2844 1129 2924 inquit
1139 2834 1223 2904 ‘Phi-

112 2943 227 3024 largyre
247 2949 276 3004 et
293 2941 406 3018 Carrio,
425 2945 480 3006 etsi
498 2945 683 3025 prasinianus
703 2964 736 3006 es
755 2945 903 3018 famosus,
924 2944 972 3006 dic
989 2952 1018 3006 et
1032 2943 1223 3024 Menophilae,

295 3067 416 3074 -ο-φ-κ

189 3113 204 3160 3
224 3112 358 3174 preciosior
377 3111 411 3160 H
512 3113 529 3159 4
547 3113 621 3160 bulba
639 3109 799 3176 Schqfferua:
818 3112 884 3160 hulla
902 3109 938 3163 H.
974 3113 1049 3161 bubla
1067 3127 1137 3177 susp.
1154 3109 1224 3161 Bur-

114 3198 228 3232 mannus
337 3187 350 3230 l
371 3183 441 3232 attuli
459 3181 598 3232 Heinsius.-
617 3184 697 3232 attulit
715 3182 749 3232 H
835 3178 907 3232 romi,
925 3198 988 3231 unus
1001 3182 1044 3233 H:
1063 3199 1129 3236 aorc.
1143 3182 1225 3232 Hein-

116 3254 171 3304 sius
288 3257 319 3304 11
340 3256 403 3303 collo
422 3253 561 3303 Heinsius:
580 3256 635 3303 loco
654 3253 689 3304 H.
727 3256 780 3305 loro
799 3253 957 3304 Manichacus
1076 3259 1107 3305 12
1127 3261 1225 3304 senten-

116 3327 182 3375 ciam
202 3325 236 3376 H
340 3327 371 3374 13
392 3327 458 3375 alter·
471 3327 569 3374 alterius
587 3325 712 3376 Heinsius
821 3329 855 3374 14
874 3328 998 3375 ebriorum
1017 3324 1087 3376 dimit
1104 3325 1167 3390 quia
1185 3323 1225 3376 ui-

111 3395 250 3448 debantur
266 3395 331 3446 ebrii
349 3395 426 3446 etna
443 3411 526 3460 neque
544 3413 608 3460 apua
626 3403 663 3446 est
679 3397 708 3447 in
727 3413 856 3448 seruorum
873 3397 971 3447 mutari
1098 3398 1129 3446 15
1150 3397 1225 3445 ostric

116 3468 151 3518 H
266 3469 354 3532 gastris
374 3467 539 3531 Munclcerua
558 3467 696 3519 Heinsius:
716 3470 802 3518 caetus
820 3467 855 3518 H
968 3469 1063 3517 colecta
1081 3467 1116 3518 H

120 3543 151 3588 16
171 3539 285 3588 louticiae
303 3538 338 3589 H
451 3543 480 3588 17
502 3541 597 3590 cocleas
615 3539 650 3589 H
772 3541 804 3588 18
822 3541 934 3589 inaudito
952 3537 984 3588 H
1108 3541 1140 3588 19
1159 3539 1227 3603 pelui

120 3609 256 3660 Patauina
351 3613 385 3660 20
405 3627 476 3660 crura
493 3613 622 3679 pedesque
636 3613 748 3676 talosque
767 3610 803 3663 H.
839 3610 974 3673 repetitum
991 3612 1115 3673 pedesque
1134 3625 1166 3660 aa
1184 3625 1227 3661 su-

115 3715 265 3780 partemne
283 3731 336 3767 aesc
353 3733 399 3767 suo
416 3717 518 3783 ispanio
536 3717 661 3768 Heinsius
673 3717 810 3782 perspeait
915 3690 1033 3785 corol¹p¹qis
1056 3714 1086 3765 id
1104 3723 1141 3766 est
1157 3731 1228 3766 coro-

119 3790 148 3838 lis
166 3795 293 3838 mutatum
311 3806 329 3838 a
347 3797 487 3838 correctore
505 3789 534 3839 in
552 3792 649 3839 coronis
667 3788 702 3838 H
817 3791 849 3837 21
870 3789 1022 3852 aliquantum
1041 3787 1181 3838 Heinsius:
1199 3789 1228 3837 li·

120 3869 224 3922 quatum
247 3859 278 3908 H
412 3861 532 3912 lacunam
550 3861 630 3925 posui
653 3861 716 3925 quia
739 3861 820 3910 miror
843 3859 895 3909 nisi
919 3860 1042 3924 accipter,
1067 3867 1127 3909 anta
1150 3875 1229 3924 quatu

122 3929 283 3981 lasciuientes
300 3931 418 3982 mulieres
437 3931 580 3997 descripsit,
598 3933 627 3981 in
644 3932 796 3982 uniuersum
814 3931 846 3980 de
859 3931 935 3981 ebriis
948 3931 1066 3982 conuiuis
1078 3930 1229 3980 mundonem

115 4001 220 4066 fecerat
326 4006 359 4052 23
378 4005 513 4067 philargire
532 4003 566 4053 H
686 4007 720 4052 24
741 4005 813 4052 Cario
831 4018 923 4052 atamen
942 4003 995 4053 coci
1013 4001 1135 4053 scribitur
1151 4003 1181 4052 in
1199 4001 1229 4052 ti-

124 4071 175 4124 bris
189 4073 302 4124 Gloaiosi
314 4073 410 4136 Plauti,
423 4071 519 4142 Καρίων
533 4074 632 4126 Graece
718 4081 841 4136 praestat
857 4076 932 4124 etiam
950 4076 981 4124 si:
1000 4082 1026 4124 et
1044 4076 1101 4138 quia
1119 4072 1230 4123 Webliua

120 4160 149 4208 p.
162 4147 196 4194 37
220 4145 286 4195 male
310 4163 366 4195 cum
388 4145 601 4197 Trimalchionem
623 4151 676 4196 adn
694 4152 724 4195 ut
742 4145 893 4196 Carmonem
911 4146 1040 4211 prasinae
1056 4145 1173 4211 factioni
1182 4143 1229 4208 sa-

125 4216 191 4267 uiaae
203 4217 306 4282 spoaesic
318 4217 365 4266 illa
373 4234 402 4282 p.
414 4219 456 4284 84,
469 4221 482 4268 6
497 4218 652 4268 demonstret
751 4218 907 4281 prasinianus
921 4226 967 4268 aut
978 4220 1107 4282 prasianue
1119 4213 1230 4278 Scheffe-

126 4304 177 4338 mae:
187 4290 342 4353 prasimanus
356 4289 390 4340 H
455 4291 615 4356 Menophilae
623 4297 685 4356 post
695 4287 853 4354 Scheffarum
861 4289 1045 4341 Bumnunnnc:
1057 4287 1192 4350 minophile
1202 4283 1236 4335 H

997 4372 1068 4424 6⁸·
