3022 4956
320 415 362 480 as
796 410 951 466 rnruorur

319 565 407 630 malo.
434 557 532 645 ‘porri
546 570 576 626 at
593 554 733 644 persica’:
752 543 941 643 hagellum‘et
956 563 1082 628 cultrum
1097 557 1223 645 aceepit3
1234 557 1379 645 ‘passeres
1391 572 1442 626 etr

319 654 527 728 muscarinm':
541 679 626 726 nram
640 681 761 744 passam
776 662 876 726 etmel
890 663 1028 726 Atticum.
1054 656 1215 726 ‘cenatoria
1230 671 1261 726 et
1273 657 1413 726 lorensia’:

320 761 420 826 oman
440 769 469 824 et
482 761 594 826 tabulas
615 761 735 842 accepit
760 752 874 823 ‘mnala
894 767 923 823 et
942 753 1073 840 pedale³z
1090 761 1173 841 lapus
1187 767 1217 823 ct
1231 761 1313 824 solea
1326 761 1414 822 estal-
1493 787 1494 844 3

319 859 385 924 lata.
411 849 567 926 ‘muraena
587 867 617 922 et
629 850 750 922 littera’:
775 877 890 922 murem
910 878 979 922 curn
998 877 1068 921 rana
1090 859 1238 940 alhgatum
1262 859 1414 938 fascemque

319 958 402 1022 hetae
416 962 532 1040 accepit.
562 957 612 1020 diu
631 957 766 1020 risimus:
787 964 924 1020 sexcenta
944 957 1114 1020 huiusmodi
1128 957 1263 1032 fuerunt,
1284 957 1436 1037 quseiamu

319 1057 488 1120 exciderunt
501 1055 661 1119 memoriae
674 1074 765 1118 meae.

265 1163 305 1225 57
406 1163 536 1218 ceterum
551 1153 694 1235 Ascyltos,
713 1152 933 1233 intemperantis
947 1152 1091 1227 licentiae,
1110 1171 1179 1216 cum
1194 1153 1294 1216 omnia
1308 1154 1413 1216 sublatis

320 1253 457 1318 manibus
478 1252 605 1315 eluderet
623 1259 653 1312 et
670 1270 764 1331 usqne
783 1252 819 1314 ad
833 1250 968 1314 lacrimas
982 1251 1102 1324 rideret,
1118 1269 1195 1314 unus
1210 1270 1246 1314 cx
1261 1252 1413 1314 conhhcrtis

322 1349 547 1416 Trimalchionis
563 1349 724 1421 excanduit,
739 1349 766 1410 is
781 1350 845 1429 ipse
856 1350 906 1428 qni
918 1368 1008 1430 supra
1022 1369 1070 1412 mc
1081 1349 1292 1424 discumbebat,
1308 1357 1337 1412 et
1347 1341 1414 1430 ‘quid

320 1441 412 1512 rides'
426 1448 521 1528 inquit
530 1439 672 1508 ‘correxi
701 1464 738 1508 an
752 1445 802 1508 tihi
819 1463 881 1508 non
895 1445 1012 1526 placent
1024 1449 1150 1512 lautitiae
1164 1449 1279 1511 domini
1298 1446 1373 1510 mei?
1388 1457 1413 1508 tu
1426 1457 1446 1507 tr

321 1546 399 1608 enim
420 1545 533 1609 beatior
553 1565 585 1608 es
603 1551 632 1608 et
653 1544 805 1607 convivare
824 1544 927 1606 melius
949 1544 1036 1606 soles.
1066 1545 1105 1608 ita
1125 1547 1247 1608 tutelam
1266 1547 1352 1610 huius
1369 1545 1414 1606 loci

320 1645 442 1708 habeam
457 1645 625 1726 propitiam,
640 1650 674 1706 nt
689 1661 743 1723 ego
759 1643 785 1706 si
800 1644 963 1706 secundum
977 1643 1058 1706 illum
1074 1645 1301 1719 discumberem,
1316 1646 1369 1707 hm
1381 1643 1415 1703 illi

319 1743 448 1806 balatum
468 1744 628 1808 duxissem.
663 1742 770 1805 hedum
790 1760 928 1822 pomum,
956 1740 1005 1820 qui
1033 1740 1162 1806 rideatur
1184 1742 1273 1816 alios;
1298 1743 1414 1820 larifuga,

320 1843 420 1906 nescio
442 1842 507 1923 quis
527 1849 707 1915 nocturnus,
728 1839 778 1920 qni
797 1858 859 1902 non
878 1839 951 1902 valet
968 1839 1072 1901 lotium
1088 1859 1186 1902 snum.
1217 1840 1254 1902 ad
1270 1857 1413 1908 sumnam,

304 1937 346 2004 'si
362 1941 605 2004 circumminxero
626 1938 722 2012 illurn,
741 1938 851 2026 nesciet
870 1957 926 2018 qua
945 1936 1044 2016 fugiat.
1073 1956 1135 2000 non
1150 1938 1330 2000 mehercules
1345 1938 1411 2000 soleo
1427 1945 1447 1994 15

320 2038 379 2100 cito
393 2039 519 2111 fervere,
537 2038 588 2101 sed
604 2036 635 2098 in
650 2036 731 2100 molli
746 2054 834 2098 carno
848 2053 961 2098 uermes
975 2042 1145 2098 nascuntur.
1174 2036 1259 2098 ridet
1291 2037 1357 2116 quid
1370 2037 1413 2098 ha-
1495 2055 1496 2106 l

319 2135 378 2210 bct,
395 2136 474 2215 quod
489 2133 603 2198 rideat?
632 2133 775 2213 numquid
790 2139 872 2213 pater
885 2132 978 2193 fetum
990 2132 1061 2194 emit
1071 2129 1192 2194 lamna?
1213 2153 1305 2212 eques
1316 2135 1412 2195 Roma·
1495 2113 1496 2138 ¹

322 2292 500 2300 --.---—.
514 2291 526 2296 -
537 2292 561 2296 .-.
575 2291 621 2300 η...

320 2370 378 2406 nem
396 2349 499 2408 adusi&
522 2357 602 2423 fieret
618 2368 644 2412 et
660 2362 752 2412 caseoli
770 2362 820 2410 dati
839 2369 896 2411 sunt
1020 2363 1117 2412 adlatae
1135 2377 1193 2413 cum
1209 2361 1361 2412 Bur-menno
1375 2359 1412 2410 Ir-

321 2426 420 2478 cobsr‘us
549 2438 637 2482 contus
655 2431 841 2483 Recentoricus:
860 2439 945 2482 contus
962 2428 997 2480 H

394 2504 407 2549 1
423 2515 518 2564 porros
541 2502 648 2554 aestiuos
669 2503 796 2554 intellecit
813 2502 946 2553 Iccobaius
964 2503 1009 2567 qui
1027 2512 1237 2566 componerentur
1254 2521 1311 2554 cum
1321 2501 1411 2571 paruo

320 2572 417 2622 aecmrti
434 2579 506 2639 torpa
523 2573 661 2627 bammum.
697 2575 771 2640 porri
789 2574 944 2640 camporum
961 2589 1048 2624 rmccm
1065 2575 1223 2638 opinabatur
1235 2573 1411 2626 mauritanicum

315 2659 346 2732 p.
360 2647 394 2693 17
500 2647 597 2710 persica
609 2664 627 2698 a
638 2645 801 2711 persecando
816 2645 894 2695 ducit
905 2643 1041 2698 Studerrrs.
1069 2645 1163 2709 respici
1174 2647 1300 2714 conflatae
1314 2639 1375 2710 ‘per’
1393 2649 1411 2692 et

328 2709 390 2765 sico'
403 2730 476 2766 uoces
489 2716 606 2768 comebat
618 2716 740 2779 Oriolius,
752 2717 877 2767 acinacen
890 2715 1021 2766 Persicum
1033 2716 1211 2782 Burrncnnua,
1224 2717 1314 2769 Persei
1325 2717 1411 2779 harpen

320 2785 389 2836 clius
487 2791 502 2836 2
522 2788 572 2838 mel
582 2805 640 2839 cum
652 2789 775 2839 allecturus
786 2786 978 2852 impediensque
989 2804 1090 2838 muscas
1097 2788 1197 2850 perdat
1207 2789 1331 2840 muscarii
1340 2787 1412 2838 inetur
1496 2811 1497 2814 ¹

320 2863 358 2906 est
465 2859 479 2905 3
499 2860 586 2909 canale
603 2867 629 2910 et
645 2861 732 2923 pedale
749 2859 842 2922 scripsi
854 2875 906 2924 pro
923 2858 999 2910 rebus
1012 2859 1072 2908 cani
1085 2858 1201 2926 pedique
1213 2861 1296 2926 aptis:
1313 2859 1411 2910 mnalem

321 2934 346 2976 at
363 2927 476 2990 pedalem
495 2928 532 2977 H.
566 2930 654 2994 pedale
672 2929 854 2981 Hadrianides
1009 2932 1163 2981 dmnraerra
1181 2941 1206 2982 ct
1222 2935 1305 2983 littera
1320 2927 1413 2994 scripsi:

320 3011 450 3046 murenam
469 3005 493 3047 ct
510 2999 617 3050 litteram
634 3000 669 3050 H
769 3003 894 3066 alligatam
913 3002 947 3051 H
959 3000 1028 3052 eorde
1046 3003 1225 3068 corripendum
1242 3006 1340 3069 alligata

322 3069 336 3116 5
356 3069 452 3131 accepit
469 3067 565 3119 addidi
688 3081 806 3122 sexcenta
824 3074 890 3124 enim
909 3079 1011 3137 superte
1137 3077 1152 3123 6
1171 3069 1317 3125 exciderunt
1333 3068 1413 3134 ecriprr'

321 3154 378 3188 erun
395 3137 579 3190 Hadrianide:
597 3143 738 3193 ceciderunt
755 3143 787 3192 H
882 3145 1001 3194 memoria
1019 3159 1076 3194 mea
1094 3144 1229 3196 Patauino
1320 3147 1350 3194 10
1367 3146 1412 3192 ber·

319 3211 370 3260 hex
387 3214 425 3258 set
440 3209 470 3260 in
487 3211 603 3277 marpine
620 3229 715 3264 nernex
727 3212 763 3262 Η
849 3217 948 3266 lauticie
959 3215 991 3264 Η
1097 3219 1128 3277 12
1147 3219 1285 3282 propiciam
1297 3216 1327 3266 Η

322 3283 354 3332 13
373 3283 473 3347 alapam
489 3283 533 3334 uel
550 3285 684 3348 colaphum
701 3283 730 3332 in
747 3291 830 3336 mente
848 3285 998 3337 Petronium
1014 3285 1133 3345 babuisse
1144 3285 1290 3354 Schefferrrs
1309 3295 1333 3338 et
1344 3284 1413 3336 Hein-
1484 3289 1489 3296 “

319 3353 373 3405 εἰπε
385 3353 518 3406 uiderunt.
546 3357 630 3406 hdatn
641 3355 823 3406 interdixissem
835 3357 960 3408 Heinsius
972 3364 1057 3422 mrtem,
1076 3360 1186 3423 palatum
1204 3361 1354 3410 diduxissem
1364 3356 1413 3406 Iac

320 3424 475 3491 Grmrouius,
487 3427 580 3478 halatni
591 3427 734 3477 indixissem
746 3429 837 3477 bellum
846 3426 988 3480 Iucobairrs.
1014 3427 1155 3493 copitabum
1163 3431 1281 3480 hahnnm
1291 3428 1360 3495 quod
1370 3425 1414 3478 cui·

319 3496 380 3548 dcem
393 3499 556 3562 pessrdomcm
564 3497 655 3566 penori
665 3513 757 3548 nornen
768 3506 832 3563 erat,
845 3506 875 3548 ut
886 3498 1037 3552 recludendi
1048 3500 1117 3550 notio
1128 3500 1227 3566 inesset,
1245 3501 1330 3567 imopo
1341 3507 1415 3549 cutem

318 3567 408 3618 similis
425 3571 535 3638 nostrmi
553 3570 585 3622 de
597 3570 655 3636 ficu
668 3569 766 3634 petitae
855 3586 970 3634 promum
989 3576 1037 3620 cut
1045 3571 1151 3620 Comum
1163 3572 1365 3624 coniurationum
1371 3585 1415 3634 pur

318 3643 420 3688 tronum
430 3638 563 3704 Heinsius,
581 3643 695 3692 Momnm
712 3639 862 3701 Reinesius;
884 3644 1044 3706 pulmoneum
1062 3657 1167 3705 pomum
1184 3642 1320 3694 Iccobsiue

318 3707 398 3756 rideat
415 3711 515 3760 nranios
535 3710 673 3764 lacobsr‘ua,
704 3712 820 3776 fortusse
837 3713 915 3762 rideat
932 3729 995 3762 nam
1012 3713 1101 3762 cetina
1111 3713 1204 3779 forino
1221 3731 1247 3764 u.
1268 3717 1300 3765 16
1321 3722 1345 3766 et
1357 3715 1383 3762 ll
1397 3715 1417 3760 et

314 3789 344 3838 p.
359 3780 400 3839 72,
416 3781 446 3827 ll
461 3780 587 3844 repetitur
674 3784 784 3847 lucifuga
801 3780 946 3849 Schefferus
1037 3785 1068 3833 15
1087 3787 1241 3836 mehercudes
1260 3785 1365 3850 scripsi:
1381 3795 1416 3832 mc

317 3848 445 3898 herculem
457 3849 494 3904 H.
521 3866 561 3900 me
574 3853 675 3903 hercule
687 3852 822 3903 Patauina
919 3857 951 3904 16
964 3861 1019 3903 orto
1029 3869 1079 3918 pro
1092 3857 1141 3905 cito
1153 3871 1211 3906 cunr
1222 3865 1351 3907 eructatum
1363 3859 1417 3906 ercet

312 3915 392 3982 falso,
411 3921 445 3968 mi
457 3922 519 3970 solet
532 3937 575 3972 cor
587 3923 635 3972 cito
644 3923 769 3973 Heinsius
857 3927 931 3977 molle
943 3925 978 3976 Η
983 3924 1053 3977 unde
1067 3925 1167 3990 efficere
1178 3929 1261 3977 mellei
1268 3928 1354 3992 possis

320 3991 351 4037 17
372 3989 465 4040 laetum
477 3990 513 4042 H.
544 3993 647 4044 foenum
663 3993 843 4049 dilebonrenus.
878 3998 997 4061 numquid
1015 4005 1086 4061 paret
1104 3997 1134 4046 iol
1152 4005 1189 4047 est
1205 4007 1317 4063 apparet
1330 4001 1416 4048 fatuum

317 4059 374 4109 mei
385 4061 461 4124 itane,
474 4076 548 4126 eques
560 4060 687 4114 Heinsius
774 4067 834 4117 lena
845 4066 880 4118 H
881 4075 943 4131 post
954 4069 1013 4118 emit
1023 4067 1214 4134 interpunpens,
1233 4069 1280 4121 sed
1291 4085 1383 4121 monus
1393 4072 1418 4116 ct

315 4129 449 4182 Bursiurro
466 4133 527 4184 uiso
544 4141 581 4184 ert
597 4134 652 4186 odic
668 4137 849 4201 superscripsit
866 4140 900 4191 al.
917 4140 983 4188 lena.
1019 4139 1086 4190 ruod
1106 4141 1191 4189 lamna
1213 4140 1370 4206 interpretor
1389 4136 1418 4204 rs·

311 4218 342 4269 p.
356 4205 398 4266 69,
417 4205 442 4257 3.
478 4204 602 4256 nntieum
619 4204 724 4259 uidetur
736 4207 906 4272 praecordium
916 4207 1003 4274 fuisse
1021 4208 1054 4261 de
1071 4210 1158 4275 ecqui
1170 4211 1277 4264 ouillum
1288 4213 1418 4266 rumonus
