3078 4956
516 440 724 494 FRAGMENTA

559 645 674 709 XXXI*

230 787 289 830 non
303 777 348 830 est
361 768 459 830 forma
476 767 561 841 satis,
577 786 632 828 nec
646 787 719 848 quse
734 768 795 830 vult
808 769 881 831 bella
895 769 1000 842 rideri,

269 867 355 928 debat
369 866 478 946 vulgari
493 885 576 928 mora
590 868 703 948 placere
718 866 784 927 sibi.

232 965 317 1040 dicis,
333 965 422 1038 sales,
437 966 536 1039 lusus,
552 966 698 1027 sermonis
715 964 821 1044 gratia,
835 964 914 1028 risus

272 1065 393 1125 vincunt
407 1071 527 1126 naturae
541 1063 718 1126 candidioris
735 1081 820 1144 opus.

178 1179 191 1227 5
232 1163 330 1225 condit
343 1163 420 1224 anim
435 1160 576 1235 formam,
592 1161 727 1242 quioquid
744 1160 929 1222 consumitur
943 1161 1030 1238 artis,

271 1270 299 1323 et
313 1263 370 1323 nisi
386 1262 456 1323 velle
471 1261 588 1334 subest,
604 1261 694 1339 grstia
709 1267 771 1321 tots
786 1259 863 1340 perit

146 1424 265 1482 nunquam
283 1416 470 1469 Petronianum
491 1417 573 1468 edidit
589 1415 718 1484 Suniiycr:
741 1417 770 1468 in
788 1415 934 1482 antholoyio
951 1417 1101 1468 Burmmani
1118 1415 1175 1467 III

92 1487 133 1533 224
146 1487 286 1538 inscribitur
308 1491 337 1543 C.
356 1492 464 1542 Petronii
488 1493 518 1540 de
542 1499 672 1540 uenustats
696 1498 720 1538 at
738 1491 818 1553 gratia
837 1490 940 1542 formae.
977 1488 1102 1539 Pantudii
1119 1504 1172 1540 essa

90 1556 194 1609 Bortiins
211 1560 321 1610 credidit
439 1565 455 1610 4
474 1562 632 1625 languidioris
650 1560 821 1610 Bnnnonnns
835 1567 951 1622 patrnos
1072 1565 1086 1610 6
1106 1562 1172 1624 quod

23 1671 25 1680 ,
90 1629 127 1676 uisi
141 1640 161 1678 et
177 1633 213 1682 illa
230 1632 363 1695 Heinsius,
383 1641 407 1684 et
425 1635 472 1682 nisi
490 1634 509 1681 si
528 1634 570 1682 illu
587 1631 710 1697 Meyerus
729 1631 898 1694 donatist,
918 1642 942 1682 at
961 1633 1007 1681 nisi
1025 1634 1061 1682 sal
1080 1634 1171 1681 suberit

89 1700 194 1752 dunatus
298 1705 378 1768 gratia
396 1707 462 1753 nuda
486 1703 625 1754 Vossianus
644 1703 724 1754 eodan
742 1703 858 1755 uunloins
876 1703 908 1752 ab
927 1702 1036 1754 Heinsio

555 1895 683 1958 xxxll*

210 2037 271 2080 non
286 2018 357 2080 satis
373 2017 510 2098 estquod
526 2035 583 2079 nus
598 2017 722 2096 mergis,
737 2017 850 2080 furiosa
864 2018 1014 2092 iuventus,

249 2125 493 2196 transversosque
507 2116 584 2196 rupit
597 2117 673 2178 famu
689 2117 802 2196 sepulta
817 2113 960 2196 probris?

210 2235 284 2277 anna
300 2216 388 2276 ctiam
403 2215 503 2276 famuli
519 2222 641 2294 cognatu
655 2215 736 2276 faece
751 2215 856 2294 sepulti

251 2315 281 2376 in
296 2320 370 2375 testa
385 2332 497 2375 mersas
511 2312 696 2375 luxuriantur
711 2301 807 2393 opes?

157 2428 171 2477 5
211 2413 273 2474 vilis
290 2431 391 2473 servus
408 2411 495 2473 habet
507 2413 590 2492 regni
605 2412 697 2484 bons,
715 2411 840 2490 cellaque
856 2409 931 2490 capii
974 2469 982 2484 ,

252 2511 365 2572 deridet
379 2511 493 2572 Vestsns
510 2510 740 2590 llornulasrnque
755 2528 862 2572 cusam.

207 2610 312 2671 iccirco
329 2610 420 2672 virtus
436 2609 533 2670 madio
549 2609 622 2670 iacet
637 2607 741 2670 obruta
756 2625 862 2680 meno,

250 2708 394 2788 nequitiae
410 2707 517 2769 classes
533 2707 655 2768 candida
671 2707 730 2768 vela
744 2708 845 2769 ferunt

144 2869 267 2930 nuquam
285 2862 471 2914 Petronianum
489 2860 572 2912 edidit
585 2858 717 2928 Sooliqar:
734 2859 884 2912 inscribitur
901 2863 926 2910 iu
944 2863 1039 2912 luxum.
1076 2862 1174 2912 satirae

86 2928 183 2984 Petronii
195 2953 225 3000 p.
241 2937 328 2996 105‚5
347 2935 416 2983 inter
437 2935 549 2982 focerunt
572 2940 596 2981 at
618 2933 660 2982 sed
678 2931 789 2982 imarnit
805 2931 851 2982 doc
870 2949 973 2983 cannen
991 2933 1179 2998 Bassianus,

89 2998 264 3056 Trimalchionis
287 3005 381 3056 similas
406 3019 494 3054 seruos
518 3011 542 3052 at
565 3003 666 3053 libertos
689 3002 845 3068 reprehendi
866 3004 1037 3056 Bnmconnns
1056 3006 1173 3071 putauit,

81 3069 238 3138 iuramentum
255 3076 320 3128 XII
340 3076 481 3127 aduocauit
502 3075 708 3128 Broucidnsins.
744 3075 805 3124 nida
827 3075 1012 3128 Burmunnsnn
1034 3077 1174 3129 secundnm

86 3145 165 3201 antici.
181 3148 236 3199 ΙΙΙ
253 3151 305 3199 133
398 3151 410 3197 l
432 3146 529 3212 corriqc
547 3148 636 3211 mergit
727 3150 742 3196 2
762 3149 957 3218 transuersisque
969 3148 1097 3200 Bortdins

87 3213 151 3267 forma
169 3219 374 3285 Oudendorpins,
393 3221 474 3270 Roma
489 3216 621 3268 Incudsius
731 3220 744 3266 3
765 3220 846 3268 iarune
867 3218 1067 3286 Oudendorpins

86 3298 197 3348 cognatam
222 3291 305 3342 saunis
328 3293 423 3340 faecem
443 3289 611 3357 persulinum
633 3288 725 3339 tainum
746 3288 901 3354 interpretor
998 3333 1002 3344 .
1043 3295 1173 3341 dmersaa

87 3353 201 3413 Clanarius
225 3371 250 3414 at
266 3361 457 3415 Hadrianidss.
493 3368 558 3412 certa
576 3360 623 3412 iilo
640 3368 772 3410 structura
789 3360 913 3412 inaudito
931 3368 968 3410 asi
984 3378 1046 3412 noan
1063 3362 1093 3412 in
1112 3361 1173 3412 Gor·

85 3427 134 3480 oalii
148 3431 236 3486 danari
253 3451 332 3485 accrsn
351 3432 503 3498 (Diomedes
513 3449 542 3497 p.
557 3431 666 3498 etsK.)
685 3433 840 3481 luxuriantur
858 3449 918 3496 opes
936 3441 1011 3496 atque
1029 3435 1080 3482 otia
1097 3434 1173 3498 louge

85 3511 199 3577 gratantur
221 3505 364 3572 significari
377 3513 443 3570 puto
461 3504 540 3554 rohsn·
558 3503 673 3568 corporis
779 3504 932 3553 luxurientur
949 3520 1039 3570 mcrqo
1061 3503 1173 3554 Tornae-
1198 3557 1202 3562 ,

85 3581 171 3636 transq
187 3593 282 3628 mersae
302 3579 466 3627 dilacerantur
491 3573 620 3640 Witltofins
764 3577 778 3624 6
800 3575 903 3624 Vestem
921 3575 1062 3627 Bortdins:
1084 3577 1173 3626 festum

86 3642 192 3698 iitdiium
208 3658 251 3712 ast,
270 3650 371 3699 lesbum
389 3647 535 3698 Pulmcrins
553 3645 622 3712 qnod
635 3645 739 3711 placuit
755 3645 895 3696 editoribus

549 3838 691 3901 XXlllll*

206 3963 275 4024 nolo
292 3981 346 4041 ego
364 3980 481 4040 semper
496 3961 572 4022 idern
590 3960 677 4041 capiti
693 3961 864 4022 suffundere
879 3968 995 4023 costum

248 4078 303 4122 nac
317 4068 380 4121 toto
398 4060 583 4121 stomachum
599 4059 754 4121 conciliare
769 4076 861 4120 mero.

206 4167 305 4221 nurus
322 4167 400 4220 amat
415 4175 533 4234 gramen
549 4165 658 4220 mutata
673 4157 889 4236 carperania,

247 4264 277 4317 ct
289 4256 351 4320 feru
367 4255 486 4318 mutatis
502 4254 628 4332 sustinet
643 4274 694 4318 ors
710 4255 791 4318 cibis.
