3022 4956
570 439 712 491 sarman
1153 439 1195 504 35

69 595 639 666 utes,etmeintnbuualisedentem
665 593 1198 674 pnetextaturncumauulisaureis

100 695 218 773 quinque
237 703 266 754 et
284 713 426 755 nummos
441 696 472 755 in
486 694 605 772 publiea
620 694 656 753 de
670 693 787 753 sacerdo
802 692 1015 765 clluudeutcnr;
1034 693 1094 754 seis
1108 693 1197 761 enim,

100 791 171 867 quud
187 791 303 869 epulum
319 791 401 862 dedi,
416 791 505 852 binos
520 793 668 852 denarios.
697 791 835 862 iaciatur,
849 790 875 850 si
889 789 941 850 tihi
956 790 1085 861 udatur,
1100 799 1128 854 et
1143 791 1198 854 tri·

100 887 182 948 clinia.
209 889 298 948 facias
318 897 347 948 et
365 897 461 948 totum
482 889 624 968 populum
639 888 695 949 sihi
710 891 836 949 suaviter
849 887 1015 949 facientem.
1044 889 1081 952 ad
1096 891 1197 952 dexte·

74 1000 86 1045 5
100 1005 156 1045 ram
171 1005 262 1047 meam
278 1005 374 1066 ponas
388 995 513 1046 stabiam
529 987 551 1046 F
553 997 704 1048 ortunatae
717 1005 800 1047 meae
814 985 978 1047 columbam
990 995 1154 1050 tenentem:
1169 997 1199 1050 et

100 1083 216 1144 multam
232 1085 352 1163 cingulo
366 1085 508 1162 alligatam
524 1085 623 1145 ducat:
643 1094 672 1147 et
686 1086 853 1145 cicaronem
868 1102 980 1156 meum,
995 1093 1025 1146 et
1038 1085 1197 1165 amphoras

101 1181 226 1259 copiosas
241 1193 394 1263 gypsatas,
408 1201 446 1242 ne
460 1183 581 1243 effluant
594 1184 703 1244 vinnm
733 1193 763 1243 et
778 1200 884 1244 umam
897 1182 964 1242 licet
977 1181 1101 1244 fractam
1117 1183 1198 1246 seul·

100 1298 158 1356 pas,
182 1289 210 1340 et
229 1301 320 1362 snper
340 1301 403 1342 eam
423 1299 547 1359 puerum
568 1282 742 1359 plorantem.
768 1280 957 1358 horologium
976 1280 1008 1341 in
1027 1279 1140 1351 medio,
1165 1289 1199 1343 ut

101 1379 221 1457 quisquis
236 1381 326 1440 horas
342 1379 490 1458 inspiciet,
510 1379 577 1438 velit
591 1381 678 1452 nolit,
693 1399 802 1442 nomen
817 1397 916 1439 meum
930 1378 1014 1457 legat
1043 1378 1197 1458 inscriptio

65 1490 87 1538 to
102 1494 205 1555 quoque
224 1479 289 1539 ride
308 1478 462 1555 diligenter
481 1478 506 1538 si
523 1479 595 1538 haec
608 1479 680 1538 satis
695 1478 800 1538 idonea
813 1475 866 1537 tihi
882 1475 1010 1538 videtur:
1031 1467 1090 1538 “c
1106 1477 1198 1538 Pom·

101 1574 356 1650 peiusTrimalchio
364 1576 594 1637 llaeccnatianus
605 1576 655 1636 hic
664 1574 829 1655 requiescit
852 1574 921 1634 huic
931 1574 1074 1636 seviratus
1084 1575 1199 1636 absenti

101 1671 221 1734 decretus
241 1683 296 1734 est
328 1693 395 1734 cum
417 1682 520 1752 posset
535 1675 565 1735 in
581 1673 718 1734 omnihus
734 1672 860 1733 decuriis
875 1671 988 1732 Romae
1002 1690 1080 1744 osse,
1099 1681 1199 1734 tamen

102 1770 191 1831 noluit.
220 1772 301 1849 pins,
317 1773 419 1844 fortis,
436 1772 538 1842 fidelis,
555 1791 589 1832 ex
606 1790 696 1851 parvo
712 1771 810 1840 crevit,
826 1770 993 1831 sestertium
1009 1769 1125 1850 reliquit
1139 1779 1198 1832 tre·

102 1870 205 1940 centies,
221 1888 276 1931 nec
289 1889 421 1949 unquam
438 1871 648 1949 philosophum
663 1869 780 1930 audivit
810 1866 887 1927 vale:
903 1874 933 1927 et
947 1859 1011 1928 tu''.

68 1969 90 2018 15
177 1969 246 2030 haec
264 1977 298 2030 ut
318 1969 389 2030 dixit
404 1967 596 2039 Trimalchio,
617 1968 686 2028 llere
701 1966 799 2047 coepit
811 1965 947 2026 ubertim.
977 1964 1063 2027 llehat
1077 1972 1107 2028 et
1121 1965 1198 2028 For·
1213 1965 1254 2026 72

103 2071 201 2140 lunata,
220 2067 307 2129 tiebat
321 2075 351 2128 et
364 2066 529 2138 Habinnas,
549 2075 610 2126 tota
626 2064 751 2143 deniqne
766 2065 891 2136 familia,
911 2073 1049 2143 tanquam
1065 2063 1095 2125 iu
1109 2063 1199 2126 luuus

103 2171 197 2240 rogata,
211 2166 417 2227 lamentatione
430 2166 589 2228 triclinium
603 2163 742 2242 implevit
769 2164 861 2224 immo
876 2163 934 2225 iam
946 2181 1099 2242 coeperam
1113 2163 1199 2224 stiam

104 2277 147 2336 ego
161 2264 287 2340 plorare,
304 2283 371 2324 cum
387 2263 563 2326 Trimalchio
575 2252 674 2340 ‘ergo’
689 2261 783 2341 inquit
793 2253 873 2323 ‘cum
890 2261 1018 2324 sciamus
1034 2278 1091 2322 nos
1106 2261 1201 2323 mori·
1277 2338 1283 2346 ¹

104 2366 174 2420 turos
189 2381 260 2435 esse,
278 2381 368 2441 quare
383 2380 444 2423 non
460 2359 614 2423 vivamus?
645 2360 687 2420 sic
701 2378 754 2420 vus
767 2359 866 2420 felices
882 2359 1003 2434 videam,
1019 2359 1199 2422 coniciamus

69 2461 93 2510 tt
106 2472 153 2516 nos
171 2458 199 2518 in
216 2460 368 2534 balncum,
389 2480 456 2522 meo
476 2460 620 2540 periculo,
640 2475 701 2518 nou
717 2455 885 2537 poenitebit
915 2457 958 2517 sic
973 2457 1045 2519 calet
1060 2463 1199 2537 tanquam

104 2548 215 2616 furnus.²
240 2549 336 2631 ‘vero,
350 2550 427 2620 vero²
442 2560 537 2638 inquit
551 2558 700 2618 Habinnas
712 2545 760 2615 ‘de
776 2570 833 2614 uua
849 2552 895 2614 die
911 2553 983 2615 duas
999 2554 1108 2627 facere,
1129 2553 1200 2617 nihil

106 2646 181 2713 malo'
197 2658 341 2737 nudisque
360 2657 544 2719 consurrexit
563 2654 686 2737 pedibus
705 2659 735 2714 et
749 2651 994 2712 Trimalchionem
1013 2651 1200 2732 plaudentem

107 2751 229 2832 subsequi
245 2759 344 2836 coepit.

179 2873 229 2932 ego
250 2853 412 2935 respiciens
433 2854 469 2915 ad
484 2853 621 2934 Ascylton
640 2839 723 2928 ‘quid
738 2839 884 2927 cogiust'
907 2839 1105 2928 inquam‘ego
1121 2847 1200 2912 enim

71 2953 94 3004 25
109 2947 129 3006 si
142 2949 231 3012 videro
245 2953 398 3024 balneum,
418 2951 516 3013 statim
538 2938 699 3032 expirabo'.
725 2936 935 3009 ‘assentemnr'
956 2947 996 3009 ait
1010 2947 1057 3010 ille
1068 2939 1115 3008 ‘et
1129 2946 1201 3009 dum

108 3044 139 3106 illi
153 3048 284 3113 balneum
300 3059 417 3132 petunt,
438 3069 493 3111 nos
515 3050 545 3109 in
563 3049 648 3110 turha
660 3035 815 3108 exeamus'.
845 3064 911 3108 cum
928 3047 999 3109 haec
1014 3045 1201 3126 placuissent,

109 3143 216 3210 duoeute
230 3170 284 3230 per
299 3147 446 3228 porticum
462 3147 567 3208 Gitone
582 3146 616 3207 ad
633 3145 749 3206 ianuam
764 3143 909 3220 venimus,
924 3143 973 3206 uhi
989 3143 1069 3206 sanis
1086 3151 1201 3206 catena-

109 3242 160 3304 rius
174 3254 250 3310 tanto
265 3267 323 3310 nos
339 3245 466 3308 tumultu
481 3244 606 3324 excepit,
622 3251 655 3306 ut
668 3245 801 3324 Ascyltos
818 3244 906 3306 etiam
921 3243 952 3304 in
968 3239 1112 3324 piscinam
1127 3239 1201 3302 ceci-

171 3434 183 3480 ³
201 3435 226 3482 in
244 3436 345 3500 epulum
363 3433 495 3485 Heinsius.
533 3432 676 3483 coniunctio
696 3431 790 3481 omisso
807 3427 946 3479 uidebatur
963 3425 1093 3492 Scheffero

110 3499 201 3552 triclinia
218 3505 250 3555 H
256 3505 385 3572 feminine
405 3513 528 3569 tuaquom
547 3504 658 3554 censue.-
677 3501 832 3552 neutraliter
843 3499 940 3563 occepit
955 3497 1061 3548 Hostius
1081 3496 1203 3546 faciantur

111 3573 232 3639 corriperes.
269 3578 368 3627 trichila
387 3591 452 3641 quae
471 3576 500 3626 ira
519 3575 650 3640 lapidibus
668 3574 747 3623 tricliu
766 3571 808 3622 uel
825 3572 910 3621 triclee
929 3577 965 3620 est
985 3567 1095 3619 Orellius

111 3643 208 3696 liuciae
227 3649 332 3713 eclipsi.-
351 3649 426 3698 facies
439 3647 474 3698 H
559 3647 744 3714 beollumbam
763 3642 797 3692 H
885 3644 944 3692 eet
962 3641 1102 3692 cicaronem
1120 3653 1205 3690 meum

76 3757 83 3768 ,
112 3711 134 3760 itt
150 3733 172 3764 u.
186 3722 199 3766 6
214 3727 274 3784 post
292 3728 419 3770 tenentem
438 3718 572 3769 transtulit
591 3717 697 3768 uocatos
806 3714 956 3779 lgipsudus
975 3711 1009 3762 H
1121 3709 1205 3762 effluat

111 3782 230 3840 Patauina
318 3807 407 3840 urnam
425 3790 482 3844 Iac.
495 3789 654 3840 Grououiua:
673 3803 749 3837 unam
767 3785 803 3838 H.
841 3787 883 3836 aad
902 3799 977 3834 unam
990 3781 1115 3834 Heinsius

115 3856 140 3902 13
158 3861 236 3924 noluit,
254 3879 306 3912 nou
325 3861 448 3912 uoluitH
531 3863 587 3926 pius
599 3859 738 3910 Heinsius:
756 3859 811 3923 plus
824 3856 858 3907 H
942 3856 1090 3908 sextorcium
1104 3852 1138 3904 Π

115 3927 139 3973 ll
157 3932 380 3992 etiam,uouetH
467 3936 497 3984 19
518 3929 723 3983 coniiciamusH
809 3927 955 3980 21turnus.
978 3923 1136 3978 *Veroli

114 4011 162 4048 utre
178 4018 231 4053 uere
249 4004 395 4069 Scheffeaocs
503 4008 536 4053 22
556 4005 715 4067 plaudentem
733 3999 840 4064 scripsi,
858 3999 917 4050 item
935 3997 1069 4048 Ioeobsius
1088 4005 1112 4047 et
1136 3993 1206 4046 Wes-

115 4065 156 4117 lt'vt
168 4089 196 4136 p.
208 4077 253 4126 38:
280 4078 430 4141 gaudentem
449 4074 484 4128 H.
522 4076 676 4140 gradientem
694 4071 830 4122 Reiorum
947 4071 980 4120 tc
1000 4069 1082 4134 eoepit
1101 4065 1207 4118 addidit

115 4170 267 4232 Burneannus
387 4185 419 4230 25
439 4181 468 4232 iu
485 4181 600 4246 mospius
618 4147 645 4195 Β]
661 4180 818 4228 absentemur
837 4177 870 4226 H
990 4177 1023 4226 28
1043 4174 1150 4240 crepitus
1169 4167 1205 4222 H.

117 4253 211 4300 ceterum
228 4253 288 4305 haec
307 4255 335 4304 iu
353 4262 490 4319 aequatum
509 4259 597 4302 coactu
615 4250 647 4301 cb
667 4257 813 4315 susceptore
830 4248 953 4300 uidentur
