3008 4962
303 402 343 466 33
779 389 935 446 arraona

302 563 439 620 stateram
452 552 483 614 in
495 552 577 632 cujus
589 550 676 614 altera
688 555 769 630 parte
782 547 907 610 scriblita
920 553 988 620 erat,
996 547 1027 608 in
1038 545 1126 610 altera
1138 547 1278 626 placenta,
1295 542 1311 630 {l
1323 563 1404 625 super
1417 553 1433 602 tr

303 653 492 733 scorpionem
519 649 691 731 pisciculum
715 647 873 720 marinum,
894 642 904 728 Η
926 664 1016 725 super
1035 645 1216 723 sagittarium
1236 646 1402 724 oolopetam,
1417 652 1446 702 rt

302 772 393 833 super
411 749 614 831 capricornum
634 747 778 808 locustam
799 746 956 818 marinam,
983 762 1072 823 super
1097 744 1249 823 aquarium
1269 763 1404 816 anserem,

303 870 393 930 super
408 851 505 930 pisces
521 848 596 908 duos
612 845 726 908 mullos.
757 843 787 904 in
803 843 900 904 medio
916 850 1013 904 autem
1029 862 1147 923 caespes
1163 862 1229 904 cum
1247 843 1346 904 herbis
1361 862 1405 902 ex-

303 949 381 1012 cisus
400 949 498 1009 favum
520 943 692 1008 sustinebat.
722 940 941 1004 circumferebat
961 942 1118 1021 Aegyptius
1139 960 1212 1021 puer
1233 941 1346 1002 chbauo
1361 952 1430 1000 rar-5

303 1055 408 1126 genten
424 1063 532 1126 panem

388 1209 473 1281 atque
488 1201 552 1279 ipse
567 1199 653 1258 etiarn
668 1195 833 1257 taeterrima
848 1215 919 1256 voce
935 1195 970 1255 de
985 1195 1195 1274 Laserpiciario
1211 1195 1305 1256 mimo
1323 1195 1406 1256 canti-

303 1320 370 1362 cum
386 1299 516 1359 extorsit.
547 1314 603 1356 nos
619 1303 651 1356 ut
666 1295 811 1356 tristiores
827 1293 863 1353 ad
878 1302 937 1353 tam
950 1292 1019 1353 viles
1032 1293 1210 1354 accessimus
1224 1294 1317 1367 cibos
1328 1285 1404 1354 ‘sua-

251 1401 291 1463 36
307 1387 375 1459 deo’
391 1396 485 1476 inquit
499 1393 675 1456 Trimalchio
687 1382 853 1464 ‘cenamus3
869 1391 925 1452 hoc
940 1397 984 1451 est
999 1391 1046 1452 ins
1061 1383 1170 1453 cenae’.
1201 1392 1273 1452 haec
1288 1399 1321 1453 ut
1337 1391 1407 1462 dixit

304 1495 339 1556 ad
360 1493 566 1572 symphoniam
587 1497 725 1571 quattuor
740 1489 932 1570 tripudiantes
948 1496 1157 1568 qtroourrerunt
1173 1491 1406 1568 superioremque
1421 1497 1441 1546 lt

304 1599 416 1672 partem
433 1590 601 1672 repositorii
618 1588 810 1650 abstulerunt.
841 1606 899 1666 quo
914 1587 991 1648 facto
1008 1587 1140 1649 videmus
1155 1587 1229 1648 infra
1250 1591 1370 1665 [scilicet
1382 1588 1407 1646 io

305 1691 395 1751 altero
410 1691 529 1767 ferculo]
548 1689 633 1750 altilia
653 1696 681 1748 et
697 1687 813 1748 sumina
828 1687 1018 1765 leporemque
1033 1685 1062 1746 in
1078 1687 1175 1747 medio
1190 1687 1289 1766 pinnis
1309 1687 1406 1748 subor-

306 1812 604 1821 ——---·---.———--—

305 1865 496 1928 terpretahatur
520 1863 636 1914 ollicnlae
660 1862 844 1925 silnicnlaeqae
862 1861 1034 1926 formationes
1057 1877 1221 1924 cornparans,
1250 1863 1406 1928 hystriculam

305 1935 430 1999 Iahnius,
454 1937 597 1986 rusticulam
621 1935 665 1986 atel
686 1934 840 1982 histriculum
867 1932 1033 1995 Wonaoerino,
1058 1935 1155 1996 niglam
1177 1933 1309 1984 [accimus

334 2057 342 2064 ,
379 2011 391 2055 1
413 2008 544 2055 sciribillita
563 2005 596 2054 H
707 2020 780 2067 super
798 2005 954 2066 scorpionem
973 2005 1117 2066 pisciculum
1136 2007 1260 2054 marinum
1279 2002 1407 2054 intercide-

306 2085 370 2128 runt
386 2078 415 2126 in
434 2078 494 2142 Lpt.
533 2077 618 2126 deesse
638 2091 711 2139 super
730 2077 854 2138 scorpium
878 2077 988 2124 eiusdem
1012 2077 1118 2125 nominis
1142 2078 1236 2140 piscem
1260 2076 1407 2126 Tornaesius

306 2148 449 2197 coniecerat
556 2152 571 2197 2
592 2149 749 2212 scorpionem
768 2146 806 2195 bis
820 2147 887 2210 porri
904 2144 1131 2212 inssitSeheffemse
1149 2156 1175 2197 et
1192 2147 1278 2197 delens
1291 2149 1407 2198 marinum

306 2217 446 2270 Iocohains.
482 2221 637 2282 scorpionem
660 2213 773 2287 creperico
791 2216 919 2267 Studerns
933 2221 992 2282 pn9
1117 2221 1213 2268 isicium
1231 2222 1356 2269 marinum
1373 2217 1408 2266 nel

305 2293 484 2340 cammerinum
513 2289 633 2339 Heinsius
766 2291 909 2353 sagittarium
934 2289 968 2338 H
1092 2292 1231 2354 oolopetam
1255 2287 1289 2339 H
1310 2300 1336 2341 et
1356 2297 1406 2353 apte

306 2361 410 2426 quidem
432 2361 583 2411 uocabulum
606 2361 638 2410 ah
662 2360 741 2410 oculis
759 2369 783 2410 et
795 2360 907 2425 petendo
926 2359 1064 2410 deductam
1081 2361 1186 2411 nieletnr
1203 2363 1340 2427 saqittaario
1359 2377 1406 2410 con-

305 2433 402 2498 sentire,
428 2434 473 2484 etsi
498 2433 580 2484 cibam
603 2447 678 2498 quem
700 2431 766 2480 illncl
790 2432 914 2497 siqnifieet
935 2432 1091 2497 ipnarcmm.
1129 2433 1246 2498 ocliferia
1264 2434 1297 2483 ab
1317 2433 1406 2486 Seneca

305 2513 398 2556 uocata
421 2506 492 2570 epist.
517 2523 579 2558 mor.
599 2503 679 2554 11⁷4
699 2502 760 2570 (33)
780 2503 968 2553 enitescetis
992 2519 1062 2553 mens
1081 2505 1254 2569 comparauit:
1281 2508 1405 2570 odopetam
1452 2511 1454 2516 ’

305 2578 370 2641 Lat,
395 2579 527 2642 odapetum
545 2575 729 2638 Memmianas,
755 2577 887 2638 odcpetam
910 2575 1056 2628 Tolosanas.
1094 2584 1221 2640 otopetam
1239 2577 1372 2627 Puteanus
1388 2580 1407 2622 et

311 2648 466 2699 Wonwerias
485 2648 625 2700 rescindam
641 2647 752 2712 placeam
767 2635 901 2710 ’ὧτοπετής
920 2643 1031 2696 anritcas’
1053 2655 1083 2696 at
1100 2647 1170 2712 lepus
1188 2648 1231 2697 ael
1250 2657 1306 2698 otras
1320 2648 1361 2699 nel
1372 2663 1406 2694 aa·

304 2720 345 2770 nis
368 2721 510 2770 uenatione*
525 2720 727 2784 intelleperetnr,
754 2720 867 2784 ocypcda
891 2717 934 2766 ael
951 2720 1108 2782 scolopoeem
1126 2718 1263 2781 Heinsius,
1290 2719 1406 2784 oetopodo

305 2791 431 2855 lolipinem
454 2791 561 2855 sapittae
583 2789 658 2840 mocio
682 2789 831 2839 uolitantem
853 2787 982 2838 Stridentes
995 2806 1025 2853 p.
1045 2793 1074 2854 9,
1100 2793 1227 2857 dusypcda
1245 2791 1406 2849 hletaclrerus,
1448 2847 1452 2857 1

305 2863 434 2924 alopecam
446 2860 592 2925 Sehcfferns
690 2863 704 2910 3
725 2862 791 2923 capri
811 2877 905 2909 cornua
917 2861 973 2925 Lp:
993 2863 1165 2924 capricornum
1184 2863 1261 2912 etiarn
1279 2861 1404 2929 marpol.

304 2929 365 2980 huic
383 2931 460 2982 aerbo
478 2931 598 2996 adinnpit
609 2930 643 2980 H
655 2932 680 2980 in
699 2947 747 2994 quo
768 2946 860 2982 cornua
879 2940 949 2981 erant
964 2932 1074 2996 glossam
1086 2933 1264 3000 ananifestam:
1283 2936 1349 2986 male
1362 2942 1405 2984 tae-

305 3002 401 3052 bantnr
418 3002 480 3053 haec
492 3001 638 3066 Schefferns
657 3017 706 3064 qna
725 3003 852 3068 corriperis
872 3011 895 3052 et
915 3002 1025 3062 Orellins
1038 3022 1068 3068 p.
1089 3009 1105 3053 4
1123 3007 1148 3054 in
1168 3005 1262 3070 delens,
1283 3007 1326 3056 ille
1339 3015 1365 3057 nt
1376 3000 1406 3052 ad

303 3073 425 3124 locustam
442 3074 609 3139 reserrentur,
628 3073 669 3124 hic
686 3081 715 3124 nt
732 3090 781 3137 quo
795 3091 847 3138 pro
865 3076 907 3124 ubi
925 3083 988 3124 esset
1081 3077 1176 3146 loeupta
1188 3079 1285 3126 marina
1298 3079 1332 3128 H

304 3147 420 3196 amaros
438 3153 468 3210 pt
574 3160 675 3209 caespes
693 3145 729 3194 sic
748 3146 773 3194 L
881 3148 894 3194 5
916 3147 1096 3196 circunlerebat
1114 3147 1150 3197 Lt
1258 3152 1272 3197 6
1294 3149 1405 3200 lactucam

303 3216 462 3283 siqniflcani:
488 3215 610 3268 cantabat
623 3231 700 3280 puer,
720 3215 842 3266 laudauit
859 3232 916 3266 enm
939 3217 1093 3268 Trimalchio
1112 3227 1188 3284 atque
1207 3220 1261 3284 ipae
1280 3222 1358 3270 etiam
1375 3233 1405 3268 ce-

304 3290 369 3342 cinit
459 3295 471 3340 7
487 3290 618 3340 deterrima
630 3286 741 3338 uidebar
752 3287 815 3337 mihi
828 3288 857 3338 in
866 3287 891 3338 L
904 3289 992 3354 lepore.
1020 3292 1153 3340 tenerrima
1168 3290 1325 3342 Wonruerins

303 3365 333 3413 de
352 3363 518 3427 laserpiciomo
531 3362 609 3411 Mimo
622 3359 660 3410 L.-
680 3361 710 3409 de
722 3361 901 3423 Laserpiciario
921 3363 997 3410 minio
1013 3369 1029 3422 t,
1049 3363 1079 3410 de
1091 3363 1257 3426 laserpiciario
1270 3365 1349 3413 minio
1363 3363 1405 3426 lp,

303 3435 569 3498 delnserpiciariomino
588 3433 616 3483 in
636 3439 754 3482 contenta
773 3439 797 3480 et
814 3431 843 3481 in
860 3432 977 3497 marqine
998 3431 1034 3484 H.
1061 3435 1186 3497 laserpitio
1199 3442 1223 3484 et
1235 3436 1406 3498 minionmrpo

304 3514 319 3558 t.
357 3506 436 3556 unica
454 3506 516 3556 haec
534 3505 604 3556 illins
621 3504 693 3554 neimr'
711 3504 802 3554 notitia
820 3502 866 3568 (cle
883 3504 984 3554 nomine
1004 3503 1209 3568 cf.Oatnlarinm
1220 3503 1406 3559 Oerttonariam·

303 3592 352 3638 que
366 3577 486 3642 Laberii)
506 3594 559 3641 qao
576 3577 653 3626 simul
669 3577 796 3626 eaincitnr
813 3590 845 3624 ne
862 3575 945 3634 mimis
964 3574 1068 3639 quidem
1081 3575 1193 3640 delaissa
1205 3577 1308 3627 cantica

304 3648 319 3693 8
339 3649 442 3695 extorsit
460 3647 494 3696 H
495 3665 502 3694 .-
521 3654 651 3710 extorquet
669 3647 730 3711 apr,
748 3650 874 3710 intorquet
891 3663 978 3712 marqo
998 3655 1007 3695 t
1115 3651 1128 3698 9
1149 3650 1186 3697 ius
1203 3649 1269 3713 Lpt:
1287 3651 1313 3698 in
1333 3650 1368 3714 H,
1385 3649 1405 3696 io

302 3717 340 3763 ius
350 3707 434 3766 ‘ustas
446 3716 525 3766 codem
538 3712 720 3766 Britannicas'
736 3718 869 3782 Palmati,
889 3717 1067 3770 Memmianaa.
1095 3720 1192 3768 initium
1203 3719 1326 3770 Beislcins
1339 3733 1406 3786 quent

309 3785 419 3836 Wehlins
434 3802 463 3850 p.
478 3791 510 3836 17
530 3795 629 3838 secutas
643 3788 704 3838 haec
717 3789 799 3838 acrba
805 3806 857 3853 pro
869 3789 1092 3854 interpretamento
1105 3789 1208 3840 librarii
1221 3791 1318 3856 habent,
1338 3794 1404 3842 huius

304 3856 419 3921 Gnosius,
438 3859 462 3906 in
484 3874 572 3907 cenam
590 3859 768 3923 Burmannus,
788 3862 908 3910 encaenia
928 3859 1039 3911 Orellins
1053 3877 1082 3924 p.
1097 3865 1121 3924 4,
1143 3864 1186 3912 hie
1206 3871 1242 3912 est
1259 3879 1315 3912 mos
1335 3875 1404 3914 cenae

303 3926 439 3991 Antonias,
458 3931 508 3978 hoc
527 3930 652 3979 stimulum
670 3930 713 3979 nel
729 3934 770 3981 hic
789 3934 900 3981 stimulus
920 3949 997 3983 cenae
1016 3931 1155 3986 Iacohsins.
1188 3933 1308 3984 credibile
1327 3943 1363 3984 est
1374 3935 1405 3983 ln·
1483 3959 1484 3970 π

302 3997 363 4048 dere
380 3999 591 4050 Trimalchionem
609 4009 633 4050 et
650 4000 775 4052 lassatum
795 4011 918 4067 tanquam
936 4005 1125 4054 irritamentum
1142 4005 1263 4056 stomachi
1276 4006 1313 4056 acl
1325 4019 1406 4056 cenam

302 4069 431 4121 etinctum
443 4072 614 4123 lascessitatem
625 4073 736 4125 cenandi
749 4073 921 4124 declarantem
995 4079 1027 4124 10
1038 4078 1203 4140 simphoniam
1211 4077 1244 4126 H
1305 4088 1404 4141 quatuor

223 4143 228 4148 '
301 4141 548 4208 Efflallrlpr
621 4146 1097 4211 11seilicetrnaneroferculoaaa.
1125 4157 1281 4198 enatantem
1290 4150 1403 4213 phassato-

301 4214 338 4264 ris
447 4217 478 4264 12
498 4213 636 4265 serculaH
719 4218 799 4280 pinnis
813 4216 853 4266 H:
873 4218 960 4280 pennis
977 4218 1060 4270 ceteri.
1084 4219 1115 4282 of,
1130 4219 1256 4284 Apustius
1268 4229 1325 4274 met.
1339 4219 1383 4270 XI
1391 4220 1404 4267 8
