3078 4956
763 483 920 538 Purttoutt

479 781 834 902 OARMINVM
859 781 1214 905 tuttelstet

790 1157 895 1221 XVllll

378 1264 564 1328 Terentianus
579 1261 705 1325 Maurus
719 1264 753 1324 tic
767 1266 882 1324 metris:

630 1361 782 1423 Horatium
798 1360 930 1424 ridemus

630 1478 733 1521 versus
748 1458 860 1520 tenoris
876 1457 963 1521 huius

630 1575 776 1638 nusquam
791 1556 905 1618 locasse
920 1557 1017 1634 iuges,

630 1663 661 1718 et
674 1655 791 1717 Arbiter
807 1655 935 1718 disertus

523 1769 589 1822 2495
632 1753 713 1815 libris
730 1752 792 1813 suis
807 1752 981 1832 frequentet.

630 1869 789 1931 agnoscere
803 1850 874 1912 haec
889 1852 1030 1932 potestis,

564 1933 567 1943 Δ
630 1955 747 2011 mutare
763 1967 836 2028 quae
851 1950 996 2012 solemus:

612 2039 833 2127 ‘Memphitidos
848 2049 960 2128 puellae

629 2145 720 2208 sacris
737 2145 823 2207 deum
838 2155 965 2227 paratae.

520 2260 586 2311 2495
630 2245 739 2306 tinctus
754 2243 854 2304 colore
868 2246 964 2307 noctis

630 2360 718 2404 manu
733 2360 808 2422 puer
820 2335 948 2423 loquaci'

357 2470 425 2518 2491
446 2473 471 2517 et
488 2467 557 2515 2492
578 2462 614 2514 ad
633 2461 794 2514 Petrouiaua
811 2463 964 2530 aquaeqauit
980 2459 1109 2514 Boethius
1205 2467 1396 2518 etet-2496

285 2540 377 2607 quibus
396 2539 428 2590 da
447 2537 541 2588 Isiacie
559 2536 647 2602 agitur
665 2533 712 2599 (cf.
729 2550 758 2598 p.
773 2537 832 2596 144,
853 2535 896 2600 11)
915 2535 982 2585 attat
999 2535 1081 2585 ebetat
1097 2552 1148 2601 quo
1165 2536 1250 2586 utiuus
1268 2555 1285 2586 a
1304 2537 1396 2589 Petro-

284 2611 328 2663 aio
346 2625 445 2677 quoque
467 2610 504 2660 ita
522 2609 681 2659 continuator
699 2621 751 2656 este
770 2605 905 2656 cretiaanau
1031 2609 1101 2657 2493
1119 2607 1279 2672 repetitura
1300 2609 1397 2660 Tereu-
1423 2637 1427 2644 ·

285 2684 356 2734 tiauo
374 2700 401 2736 a.
420 2685 498 2744 2521,
518 2682 587 2729 2495
611 2679 671 2730 item
695 2694 721 2730 u.
741 2679 810 2727 2522
835 2686 858 2728 et
883 2677 1032 2728 coaiuuctue
1055 2695 1112 2728 eum
1130 2677 1229 2730 Naeuii
1252 2687 1277 2730 ct
1299 2682 1397 2732 metelli

279 2762 372 2821 poetae
390 2752 524 2803 uersiculie
544 2754 611 2800 2531
716 2756 778 2814 poet
795 2751 863 2799 2496
882 2749 1109 2813 immolabantur
1126 2758 1257 2815 tamquam
1275 2768 1293 2801 a
1305 2751 1395 2804 Petro-

283 2827 327 2876 uio
340 2824 434 2876 addita
445 2823 509 2873 leaeo
518 2823 655 2888 Aegyptius
667 2822 800 2870 choreutcs
809 2819 861 2884 (ita
872 2820 901 2870 iu
912 2821 1042 2871 catakctie
1051 2819 1192 2889 Seaiiqeri)
1204 2823 1247 2873 uel
1255 2825 1395 2889 Aegyptius

284 2898 414 2946 choraules
427 2893 479 2958 (ita
491 2892 712 2958 Isiucleuhroqiue)
724 2892 768 2942 uel
778 2893 905 2957 Aegipties
918 2895 1024 2942 choreus
1037 2891 1088 2957 (ita
1099 2893 1128 2943 ia
1143 2893 1340 2961 Patioeouiaua)

283 2974 394 3018 ceterum
406 2964 476 3030 quad
487 2964 609 3014 cantitari
625 2963 664 3012 ait
673 2963 721 3013 illa
736 2962 913 3028 Terentiaacuu
929 2963 1040 3027 fartaeue
1052 2963 1113 3014 iude
1125 2964 1255 3030 quispiam
1268 2966 1395 3032 colleqerit

284 3038 441 3088 tralaticium
451 3035 537 3101 flaioec
556 3051 586 3085 ac
603 3034 719 3085 ealiamae
733 3033 836 3084 Ioiaaae
853 3034 984 3101 reliqiouis
1001 3052 1111 3100 aaa-auu,
1129 3052 1212 3101 aeque
1229 3037 1365 3088 iuuentem
1377 3056 1394 3088 a

284 3108 405 3160 Petronia
423 3123 515 3157 uerum
532 3121 564 3155 eu
576 3104 657 3156 sacris
670 3103 752 3154 Ioielio
763 3103 936 3170 ademptum.
968 3106 1067 3171 alioqui
1073 3121 1204 3172 perquam
1214 3108 1332 3159 mirabile
1345 3109 1394 3161 Pa-

283 3181 361 3234 tronii
373 3179 491 3232 carmiua
500 3176 565 3228 adea
578 3171 603 3226 at
613 3175 753 3227 incoluisse
765 3183 789 3228 at
800 3175 952 3230 inclaruioee
963 3185 994 3229 ut
999 3179 1140 3244 populares
1145 3179 1394 3246 fierautaaatileuae

811 3317 863 3379 XX

369 3423 557 3487 Taroutiauus
572 3421 699 3484 Maurus
713 3421 746 3483 tle
761 3424 873 3483 matris:
976 3487 981 3502 ,

525 3540 604 3584 nuuc
618 3520 735 3592 divisio,
752 3537 839 3599 quam
855 3519 1025 3599 loquemur,
1042 3521 1107 3582 edet

418 3635 485 3687 2850
528 3626 657 3682 metrum
673 3635 731 3696 quo
748 3624 914 3680 memorant
928 3619 1111 3681 Anacreonte

527 3718 626 3780 dulces
643 3714 851 3794 composuisse
866 3715 1033 3778 cantilenas.

525 3817 583 3878 hoc
597 3813 753 3878 Petronius
767 3813 912 3876 iuvenitur
929 3833 1013 3890 usus,

524 3914 616 3977 llusis
632 3933 699 3977 cum
714 3913 836 3996 lyricum
852 3911 942 3973 refert
956 3914 1081 3975 eundem

526 4011 718 4074 consonantia
733 4010 819 4072 verbe
835 4008 1001 4084 cautinum,

416 4124 482 4176 2855
526 4116 555 4170 et
569 4110 668 4188 plures
684 4109 738 4171 elii.
770 4109 821 4172 sed
837 4109 892 4170 iste
907 4127 1010 4171 versus

524 4207 601 4288 quali
617 4208 799 4296 compositus
814 4216 896 4268 tome
911 4208 966 4281 sit,
983 4207 1077 4269 edum.

509 4296 661 4367 ‘iuverunt
675 4310 789 4383 segetes
803 4322 902 4366 meum
917 4296 1068 4369 laborem'.
