3022 4956
556 429 698 481 slrmtn
1118 431 1177 498 121

59 589 152 650 there
166 589 247 664 bona,
261 589 317 649 nisi
333 587 438 667 quihus
454 586 581 667 populus
598 586 738 648 inviderit.
769 603 860 661 unus,
882 592 910 647 et
925 605 1029 659 senex,
1050 605 1111 649 non
1127 587 1181 650 erit

89 689 191 767 gravis3
210 688 293 748 etiam
313 705 379 748 cum
400 685 524 747 voluerit
538 685 643 764 aliquid
661 703 792 758 sumere,
814 702 889 764 opus
910 686 1038 747 anhelitu
1057 677 1182 767 prodet.²

91 789 155 848 haec
169 794 199 848 ot
208 786 280 847 infra
292 785 427 846 fiduciam
439 785 524 864 posui
535 783 723 864 fraudavique
735 783 865 844 animum
877 782 1080 860 dissidentem,
1097 787 1180 868 coepi

92 883 217 946 somnum
233 884 338 947 obruto
353 884 479 946 tunicula
495 883 588 963 capite
602 883 728 944 mentiri.

65 1001 76 1048 s
167 984 215 1045 scd
234 991 354 1064 repente
369 984 451 1063 qnasi
467 984 634 1044 destruente
648 984 767 1045 fortuna
782 981 975 1044 constantiam
991 1001 1088 1046 meam
1103 984 1181 1046 eius·

90 1083 161 1142 modi
181 1101 234 1142 vox
255 1102 345 1162 sopra
360 1090 540 1144 constratum
556 1083 664 1164 puppis
681 1081 863 1160 congemuit:
879 1071 965 1160 ‘ergo
982 1100 1029 1143 me
1044 1073 1183 1144 derisitt'

90 1181 192 1241 ethaeo
206 1181 321 1260 quidem
336 1181 425 1241 virilis
441 1189 469 1242 et
484 1200 575 1262 paene
589 1180 708 1242 auribus
723 1182 796 1242 meis
811 1180 960 1243 familiaris
976 1181 1106 1243 animum
1118 1181 1182 1260 pal-

90 1278 215 1356 pitantem
242 1279 397 1359 percussit.
435 1288 561 1342 ceterum
588 1280 689 1341 eadem
716 1278 915 1358 indignatione
937 1279 1182 1344 mulierlacerata

90 1377 197 1439 ulterius
212 1377 366 1439 excanduit
381 1385 410 1439 et
421 1367 458 1440 ‘si
475 1379 539 1458 quis
558 1380 629 1440 deus
645 1378 782 1440 manibus
795 1367 875 1440 meis'
887 1377 985 1457 inquit
995 1368 1112 1441 ‘Gitona
1124 1379 1181 1440 im-

56 1485 77 1533 tu
91 1485 208 1555 poneret,
222 1497 310 1558 quarn
325 1478 399 1539 bene
413 1478 525 1540 exulem
541 1469 722 1558 exciperem?
748 1484 868 1556 uterque
879 1485 1015 1539 nostrum
1027 1485 1086 1540 tam
1098 1478 1182 1540 inex-

90 1583 191 1654 pectato
206 1578 281 1638 ictus
294 1595 368 1638 sono
381 1577 517 1638 amiserat
528 1578 709 1654 sanguinem.
732 1594 786 1655 ego
799 1569 955 1656 praeciptie
967 1575 1051 1657 quasi
1064 1578 1181 1638 somnio

91 1675 204 1753 quodam
223 1675 391 1737 turbulento
413 1675 603 1738 circumactus
626 1676 676 1737 diu
690 1693 791 1735 vocem
809 1673 909 1754 collegi
924 1673 1183 1755 tremebundisque

91 1775 212 1836 manibus
227 1775 365 1854 Eumolpi
381 1773 437 1834 iam
453 1775 483 1835 in
499 1793 639 1853 soporem
654 1772 775 1834 labentis
792 1771 925 1834 laciniam
944 1773 1012 1834 duxi
1027 1780 1057 1834 et
1067 1763 1132 1853 ‘per
1146 1775 1181 1834 fi-

90 1866 154 1933 dem’
169 1875 285 1954 inquam
297 1863 401 1951 ‘poten
417 1873 499 1933 cuius
512 1873 582 1933 haec
593 1871 674 1932 naris
686 1879 739 1944 est,
754 1878 804 1933 aut
815 1889 891 1950 quos
904 1871 1000 1944 vehat,
1015 1872 1110 1933 dicere
1125 1889 1182 1952 po-

57 1979 78 2030 tt
93 1963 160 2032 tes‘l'
186 1971 362 2053 inquietatus
382 1970 429 2032 ille
448 1971 569 2033 moleste
589 1970 654 2031 tulit
668 1977 697 2030 et
712 1960 786 2030 ‘hoe
805 1961 878 2031 erat’
899 1962 1103 2051 inquit‘quod
1119 1972 1182 2051 pla-

92 2078 176 2132 cuerat
189 2071 255 2144 tibi,
278 2077 413 2148 utsupra
430 2075 611 2130 constratum
627 2069 707 2131 naris
724 2075 936 2149 occuparemus
952 2070 1182 2132 secretissimum

91 2167 188 2243 locum,
208 2189 244 2232 ne
265 2187 321 2230 nos
336 2167 477 2248 patereris
492 2166 698 2247 requiescere?
727 2168 796 2248 quid
811 2187 902 2248 porro
915 2169 951 2231 ad
966 2189 1030 2232 rem
1046 2169 1182 2250 pertinet,

91 2267 111 2326 si
128 2268 221 2330 dixero
241 2268 361 2329 Licham
382 2267 571 2328 Tarentinum
591 2285 656 2328 esse
677 2267 830 2330 dominum
851 2267 974 2329 huiusce
992 2267 1111 2348 navigii,
1132 2268 1182 2349 qui

91 2365 279 2446 Tryphaenam
300 2365 412 2427 exulem
430 2368 588 2428 Tarentum
607 2359 716 2428 leratl’
746 2367 883 2428 intremui
904 2368 1050 2447 posthoc
1069 2367 1181 2454 fulmen
1194 2364 1250 2426 101

57 2473 79 2522 tt
93 2467 229 2540 attonitos
241 2465 398 2544 iuguloque
410 2465 521 2528 detecto
533 2455 709 2545 ‘aliquando'
722 2465 840 2544 inquam
853 2456 957 2528 ‘totum
971 2485 1026 2540 me,
1042 2467 1181 2539 Fortuna,

92 2555 193 2626 vicisti'.
222 2584 291 2626 nam
313 2565 401 2626 Giton
423 2565 541 2644 quidem
562 2584 650 2645 super
668 2571 770 2644 pectus
791 2581 889 2625 meum
911 2564 1027 2643 positus
1050 2564 1100 2626 dio
1116 2565 1182 2626 ani-

155 2728 167 2773 1
186 2727 263 2776 nictus
281 2740 370 2789 marpa
390 2730 399 2771 t
505 2723 580 2771 ctiam
598 2737 676 2772 senex
693 2721 727 2774 L.
756 2720 857 2787 fortius
876 2730 901 2771 et
918 2738 996 2787 qaam
1014 2730 1039 2771 et
1056 2722 1107 2771 ism

94 2797 106 2841 ‘l
122 2799 202 2859 prodet
220 2805 237 2860 t,
255 2812 302 2849 nra.
321 2795 401 2845 codex
420 2794 542 2844 Dardae.-
560 2795 646 2858 perdet
664 2794 707 2857 Lp
816 2795 830 2842 3
850 2797 912 2844 haee
931 2795 970 2844 L:
989 2796 1038 2843 hoc
1051 2801 1086 2858 pt

93 2865 147 2916 intra
162 2886 248 2935 marga
267 2876 283 2922 t.
316 2865 494 2931 persuadebat
510 2864 558 2914 sibi
575 2865 622 2914 illa
640 2866 707 2916 citra
718 2864 848 2930 fiduciam
978 2866 1074 2916 firmani
1092 2881 1181 2930 margo

94 2944 108 2986 l.
134 2939 225 3006 fefellit
247 2939 360 2989 animum
383 2955 458 2988 snum
477 2936 640 2987 dissidentem
659 2937 691 2986 ad
710 2937 779 2987 illiue
797 2936 970 2987 meditationis
988 2937 1119 2988 lenociniis
1138 2945 1184 2988 atet

90 3011 167 3070 potius
183 3011 255 3062 modo
273 3011 323 3061 leuc
341 3009 416 3060 mado
434 3009 493 3058 illuc
512 3009 677 3058 inclinantem
803 3009 954 3059 diffidentem
972 3011 1068 3060 Deuca

94 3083 105 3125 5
122 3081 201 3133 dubito
224 3100 287 3134 nam
311 3081 375 3132 llaec
397 3081 516 3130 continno
534 3081 682 3145 occeperint
694 3081 790 3145 priora
931 3083 1013 3146 quusi]
1032 3097 1061 3131 os
1079 3097 1111 3132 cc
1129 3097 1184 3132 eor-

96 3154 189 3205 rectione
206 3157 231 3204 L
339 3149 439 3203 fortuita
457 3148 599 3203 deitruente
619 3153 650 3202 L.
688 3154 835 3202 destituente
850 3151 967 3217 Camenas
1075 3157 1185 3218 dsupru

95 3223 125 3271 L:
141 3241 208 3290 super
221 3235 254 3291 pt
345 3230 358 3275 7
379 3227 479 3274 ethaeo
492 3224 584 3288 scripsi
603 3224 635 3289 cf.
645 3240 674 3287 p.
690 3227 748 3285 127,
762 3225 812 3272 20:
830 3231 857 3272 ut
867 3226 932 3274 haee
944 3223 1005 3274 libri
1094 3233 1119 3274 et
1136 3242 1185 3280 orn.

94 3293 248 3349 llcmmianuo
337 3313 401 3360 pene
414 3297 456 3360 Lt,
470 3312 532 3360 pene
540 3312 570 3360 p.
598 3294 860 3360 conigendnmplene
949 3297 1092 3360 palpantem
1104 3295 1184 3344 drem-

94 3366 182 3418 nu'anus
300 3372 315 3417 8
333 3371 457 3418 lancinata
475 3383 564 3432 margo
584 3375 595 3415 t
712 3370 727 3416 9
748 3367 852 3416 nauibus
871 3383 960 3431 ntarpo
979 3374 989 3414 t
1105 3367 1184 3428 inquit

94 3451 160 3500 super
176 3457 253 3493 aerea
271 3441 395 3502 scriptum
412 3441 441 3490 in
459 3439 483 3488 L
590 3439 700 3489 Guitone
717 3437 742 3487 L
846 3439 877 3486 10
897 3439 1037 3501 exciperem
1054 3453 1143 3502 margo
1162 3445 1184 3486 t:

95 3512 204 3575 exciperet
221 3514 282 3578 Lpt.
319 3514 463 3576 exciperent
481 3509 610 3562 Beisliua.
647 3509 714 3558 niolo
733 3527 790 3559 cam
808 3508 902 3559 Dorcea
920 3509 1059 3572 acciperem

94 3592 209 3643 expectato
227 3585 252 3635 L
369 3587 400 3633 12
420 3585 583 3632 circumactus
604 3580 734 3645 Cuperem:
752 3576 924 3630 circdamictos
944 3587 968 3629 ct
985 3581 1184 3630 circumamictus

95 3648 144 3702 libri
161 3656 226 3720 qnod
244 3658 339 3708 Donec
367 3653 506 3719 composuit
529 3670 585 3703 cnm
607 3652 702 3703 Tibulli
720 3651 776 3703 ΙΙΙ
791 3657 818 3716 4,
837 3655 879 3704 55.
915 3651 1071 3701 circumictns
1092 3650 1185 3702 Gesne-

95 3738 132 3770 rns
155 3729 197 3792 qni
223 3727 328 3778 debedat
361 3727 533 3776 circumiectus
667 3726 826 3788 tremulisque
848 3731 882 3788 pt
1008 3725 1039 3772 13
1069 3739 1185 3774 somnum

1062 3796 1184 3806 -—-.-—

96 3841 196 3892 soporem
213 3835 238 3884 L
344 3835 409 3883 traxi
427 3848 517 3897 margo
536 3837 552 3892 t,
573 3831 664 3880 adduxi
684 3830 778 3880 Deuca
888 3830 919 3876 15
940 3834 993 3878 erat
1010 3835 1035 3878 et
1052 3832 1118 3893 quod
1137 3848 1184 3882 mn.

97 3904 110 3958 l,
125 3918 171 3952 non
191 3904 215 3953 Τ
341 3909 373 3954 tu
393 3920 468 3968 sopra
486 3903 591 3966 scripsi:
609 3918 683 3966 super
701 3901 761 3951 libri
895 3901 927 3949 18
947 3902 1042 3966 Lycum
1060 3918 1148 3968 margo
1167 3909 1184 3966 l,

95 3968 139 4051 Qu
154 3976 255 4027 Licham
273 3978 315 4038 L,·
339 3978 412 4026 Licus
436 3982 581 4024 constanter
594 3990 630 4038 p,
653 3982 726 4023 uetus
744 3972 852 4031 Pitheci,
871 3971 1043 4023 Memmianus

96 4075 217 4147 dominum]
236 4081 278 4133 din
296 4082 321 4132 L
442 4084 471 4130 19
490 4082 661 4145 Triphaenam
675 4086 724 4143 pt;
742 4079 872 4142 Triphcna
891 4085 1036 4128 cointanter
1053 4085 1128 4128 nctus
1140 4077 1184 4127 Pi·

97 4145 151 4198 llOtl
252 4153 359 4221 exulem]
378 4169 482 4202 uxorem
500 4169 589 4218 nsarpo
608 4158 625 4214 t,
644 4151 825 4200 meretriculam
838 4148 980 4202 Iaeobsias.
1008 4152 1106 4199 exulem
1119 4165 1184 4199 corn·

93 4220 201 4278 ltroladis
218 4226 312 4277 collatis
331 4243 352 4275 c.
373 4228 424 4275 106
443 4233 507 4278 ectr.
527 4233 551 4274 et
568 4225 685 4273 damnato
703 4224 790 4274 c.108
897 4224 930 4269 21
950 4220 1043 4269 Guiton
1062 4220 1087 4270 L

96 4303 168 4342 meum
185 4307 266 4362 peetus
285 4297 432 4365 transponit
450 4305 459 4346 t
566 4295 607 4344 din
625 4294 777 4344 orniserant:
794 4307 874 4360 paene
892 4290 1012 4342 Nodocm
