3022 4956
574 449 717 502 surraau
1137 453 1197 516 153

4 625 5 628 ¹
61 616 95 668 Lo
196 609 250 670 iam
266 607 492 688 peragebantur3
508 605 533 668 si
549 606 614 687 quis
630 606 712 666 sinus
727 605 841 666 abditus
856 606 946 678 ultra,

194 706 219 767 si
234 724 291 786 qua
305 706 384 766 foret
397 705 496 777 tellus,
512 724 586 784 quae
600 705 711 766 fulvum
726 705 854 766 mitteret
867 723 984 778 aurum,
1115 721 1130 769 5

194 805 287 865 hostis
303 812 377 878 crat,
392 804 518 883 fatisque
533 805 562 864 iu
577 803 669 865 tristia
684 802 757 863 bella
771 803 881 881 paratis

195 901 407 981 quaerebantur
422 920 503 981 opes.
532 921 595 963 non
609 900 695 978 vulgo
710 907 780 960 uota
795 900 949 979 placebant

195 1000 305 1079 gaudia,
321 1015 383 1058 nou
397 1016 453 1059 usu
469 999 583 1077 plebeio
599 999 664 1060 trita
679 998 821 1078 voluptas.

194 1117 242 1158 aes
257 1098 466 1178 Ephyreiacum
481 1095 616 1158 laudabat
629 1095 712 1156 miles
727 1096 757 1157 in
773 1097 865 1170 uuda3

194 1194 342 1276 quaesitus
358 1194 458 1256 tellure
473 1195 552 1254 nitor
568 1201 725 1254 certaverat
740 1202 835 1266 ustro;
937 1203 943 1222 ·
1100 1211 1130 1260 10

194 1297 264 1356 hinc
278 1293 420 1355 Numidae
435 1299 587 1364 accusant,
602 1291 679 1352 illinc
694 1311 768 1353 nova
784 1293 888 1355 vellera
904 1293 1006 1368 Seres,

194 1402 280 1473 atque
294 1391 421 1453 Arabum
437 1391 565 1469 populus
581 1409 634 1451 sua
650 1390 861 1470 despoliaverat
875 1411 949 1454 arva.

195 1511 260 1553 ecce
276 1491 348 1552 aliae
364 1489 457 1550 clades
472 1496 502 1549 et
515 1488 608 1548 laesae
622 1488 738 1549 vulnera
755 1490 844 1567 pacis,

196 1589 343 1670 quaeritur
358 1589 387 1649 iu
403 1587 483 1647 silvis
496 1606 567 1648 auro
582 1587 656 1659 fera,
673 1594 702 1647 et
715 1587 835 1650 ultimus
851 1588 997 1650 Hammon

194 1688 330 1750 Afrorum
347 1687 503 1759 excutitur,
517 1703 555 1745 ne
570 1685 645 1746 desit
660 1684 742 1746 belua
759 1684 844 1745 deute
1100 1704 1130 1752 15

171 1878 180 1922 l
194 1874 357 1937 peragebatur
366 1872 398 1937 E,
411 1875 605 1938 peragrabantur
615 1871 675 1936 lll'pa
684 1870 748 1935 (nou
758 1869 791 1935 S)
800 1880 816 1924 t.
834 1874 1012 1936 perurebantur
1021 1873 1151 1924 Delbemua

104 1947 190 1994 additus
209 1945 231 1994 d
376 1949 389 1992 2
410 1947 504 1994 fuluum
524 1959 587 2007 quae
605 1942 712 1992 inruerat
728 1943 753 1991 L
765 1942 943 1996 Memmiuaua.
980 1946 1076 1994 fulnum
1096 1945 1129 2010 0,
1148 1947 1197 1995 fur-

104 2033 155 2064 uum
173 2015 197 2065 Β
304 2017 400 2065 mittere
419 2017 445 2065 P
551 2018 565 2063 3
585 2031 633 2077 que
652 2031 698 2066 ooo.
720 2013 931 2064 GMemma'onue
1038 2018 1135 2066 tristitia
1153 2025 1201 2067 out

104 2089 196 2137 tristicia
213 2087 238 2138 P
361 2091 377 2136 4
397 2089 472 2151 uulga
491 2087 522 2150 P,
541 2088 615 2150 uolgo
625 2087 647 2135 le
666 2085 700 2134 M
815 2088 829 2136 5
849 2088 899 2136 msu
917 2086 942 2135 L
960 2087 989 2137 ira
1006 2088 1122 2153 momine
1140 2091 1198 2142 den.

105 2158 160 2208 Circ.
179 2160 226 2208 fab.
245 2157 370 2222 sinuetque
389 2174 435 2207 usu
454 2157 581 2209 calibem.
618 2159 666 2206 ritu
685 2156 809 2207 Heinsius
916 2159 1013 2224 plebeia
1027 2159 1198 2210 nonnulla

105 2237 124 2276 et
139 2237 195 2278 onte
213 2236 378 2279 correctorem
398 2230 421 2278 0
541 2230 612 2278 treita
630 2227 664 2292 Β,
683 2230 755 2278 triete
773 2229 806 2292 A,
825 2237 904 2278 tracta
922 2230 947 2278 L
965 2231 993 2280 ia
1011 2232 1127 2297 margine
1146 2248 1199 2282 cor-

105 2309 190 2350 rectum
208 2307 232 2350 et
247 2317 338 2366 neorqo
358 2309 373 2352 t.
411 2302 527 2350 adstricta
546 2298 670 2349 Hea‘uaa'ua
765 2304 779 2349 6
800 2316 841 2350 aee
860 2302 1043 2368 Ephyreiacum
1061 2302 1199 2354 Heiaaa'ua:

104 2387 139 2420 aes
158 2388 230 2436 cpyre
249 2388 306 2421 eum
318 2371 352 2434 Β,
372 2388 397 2436 ee
416 2375 527 2435 epircum
539 2371 572 2434 Β,
591 2387 621 2420 ac
640 2386 726 2436 sepyrc
745 2387 802 2421 cum
820 2371 845 2421 P
855 2371 998 2437 Bituricae,
1018 2391 1047 2424 ac
1066 2377 1199 2439 sepiretum

105 2443 135 2506 L,
156 2460 197 2492 aes
215 2458 319 2510 pyreum
336 2441 352 2492 t
373 2441 416 2492 OG
435 2451 459 2492 et
475 2441 497 2493 S
514 2444 542 2492 iu
560 2459 611 2508 quo
629 2459 686 2491 cunr
704 2451 773 2506 eret,
797 2459 839 2492 aes
856 2459 961 2508 pyreum
979 2447 1144 2495 conlaudabat
1162 2446 1199 2509 D,

105 2529 140 2563 aes
155 2517 249 2578 pireum
269 2530 327 2563 cum
345 2514 378 2577 A,
398 2530 440 2563 aes
458 2516 554 2578 pircum
573 2531 630 2563 cum
650 2512 683 2576 F,
702 2529 746 2562 aes
763 2529 853 2578 purum
871 2522 958 2578 putum
977 2515 1027 2580 (pu
1047 2515 1110 2567 odd.
1130 2523 1154 2565 et
1170 2516 1199 2565 iu

105 2585 220 2650 merciae)
240 2585 274 2649 E,
295 2587 443 2649 spoliatum
462 2579 535 2635 sends
548 2586 585 2637 M.
620 2577 742 2648 ‘piraeum
761 2585 795 2634 ol.
814 2602 840 2634 u.
861 2602 881 2637 c.
900 2584 951 2650 leqe
964 2588 1066 2652 Assyria
1085 2580 1196 2636 concam’

104 2673 182 2723 morqo
198 2657 236 2721 L,
262 2658 365 2723 Assyria
383 2658 507 2706 concham
527 2664 542 2706 t.
579 2658 723 2722 Ephyrcum
741 2672 829 2721 marpo
847 2655 878 2708 G.
915 2672 957 2706 aes
978 2660 1094 2724 Ephyrae
1112 2673 1199 2721 regum

102 2744 131 2790 p,
148 2745 186 2778 aes
208 2731 383 2794 Ephyreaeum
405 2727 564 2791 Palmae-ina,
583 2729 702 2791 Hesperia
721 2741 824 2777 coccum
844 2725 1000 2792 Stephanae,
1020 2730 1122 2792 Assyria
1140 2730 1198 2778 bac-

106 2815 152 2847 cam
167 2799 303 2860 aeneam
326 2815 368 2848 aes
387 2801 534 2848 Pirenaeum
553 2800 654 2862 dapibus
674 2813 705 2847 nc
724 2801 818 2848 deesset
837 2799 938 2863 opimis,
961 2815 1085 2862 aequorea
1101 2815 1199 2849 remum

105 2870 201 2920 leutabat
225 2872 296 2919 miles
320 2871 345 2919 in
370 2872 437 2919 unda
455 2869 573 2920 Iustinum
592 2869 744 2918 Moeeelemce
767 2870 795 2919 ia
818 2869 1008 2934 quaestionidua
1027 2869 1059 2920 de
1077 2870 1123 2921 boc
1135 2886 1199 2936 poe·

107 2949 163 2990 mate
180 2941 380 3006 Hirscbberqiae
399 2958 423 2993 o.
444 2944 511 2992 1857
531 2941 656 3006 eoulqam
670 2945 729 3005 μδ
837 2942 950 2991 laudaret
962 2941 1110 2993 Boubera'ue

106 3012 140 3058 'iu
158 3015 238 3062 uuda'
257 3014 326 3062 miles
344 3011 370 3061 Β
512 3014 537 3062 in
556 3028 600 3062 ora
618 3011 774 3076 Stepbmaua,
792 3013 817 3061 in
837 3014 924 3062 umbra
941 3012 1074 3077 Heinsius,
1092 3015 1117 3063 in
1136 3015 1200 3064 luda

106 3079 200 3148 iuupem
219 3101 276 3134 cum
295 3085 380 3133 tellure
399 3083 546 3134 Boebeidos
636 3088 649 3132 7
671 3090 805 3133 mutauerat
823 3083 852 3132 P
947 3087 962 3134 8
981 3087 1040 3135 huic
1059 3085 1122 3147 ΒΡ,
1140 3088 1199 3136 hinc

107 3153 199 3218 reliquie
217 3155 316 3205 muieeia
334 3154 359 3203 R
449 3164 568 3206 accusant
586 3156 636 3219 Lp,
655 3163 729 3205 aetam
748 3154 862 3204 Pitboea':
881 3163 982 3205 accusat
994 3157 1138 3220 Bituricus,
1156 3173 1199 3206 ac·

109 3229 174 3275 cuseti
191 3228 223 3290 P,
243 3228 383 3276 accusatius
395 3225 536 3290 BODG'M,
556 3227 679 3277 acusatius
694 3225 765 3289 Ana,
785 3229 924 3276 accuratius
935 3227 969 3278 F.
1006 3237 1099 3278 crustas
1112 3244 1200 3293 marpo

107 3296 159 3345 Let
169 3306 184 3360 t,
201 3305 322 3348 accurunt
341 3304 388 3346 out
398 3299 531 3348 adnectant
546 3295 717 3360 Oollodoniaa,
736 3299 895 3348 accumulant
906 3296 1038 3348 Heinsius.
1061 3297 1107 3347 aed
1119 3314 1199 3362 prae·

108 3368 196 3418 teritum
222 3377 321 3432 tempus
344 3368 484 3434 floqa'totmr
510 3369 581 3419 uelut
608 3367 830 3432 sancierant-Seria,
858 3369 909 3419 miei
931 3369 1020 3433 polim
1046 3383 1114 3418 uuae
1141 3384 1200 3418 uer·

108 3470 143 3504 aaa
156 3457 295 3508 interemit
434 3457 494 3506 hinc
517 3456 551 3505 M
689 3448 777 3506 uellera
796 3457 834 3520 Β,
859 3459 902 3506 ula
920 3456 946 3507 P
1082 3459 1096 3505 9
1117 3472 1146 3506 ac
1164 3455 1198 3506 R.

108 3551 174 3594 stacte
190 3546 311 3596 Beielciua
425 3523 603 3608 ‘¹⁰spoliauerat
621 3544 646 3594 G
752 3546 816 3594 atria
833 3543 869 3594 M
974 3552 1036 3608 poet
1052 3543 1121 3594 buno
1139 3559 1198 3594 uer·

107 3630 155 3664 eum
171 3618 302 3668 mtemecoe
320 3615 482 3666 interiecerat
499 3624 523 3666 et
535 3624 627 3680 posteo
645 3614 741 3666 deleuit
757 3615 785 3665 ia
804 3616 829 3666 L
847 3614 965 3681 Scoliqer
1063 3617 1094 3664 10
1115 3622 1139 3665 et
1156 3617 1199 3666 lise

109 3683 135 3748 Β,
153 3691 256 3753 etlapsa
277 3688 309 3752 G,
329 3688 395 3752 elyse
413 3687 451 3750 M,
470 3689 544 3736 elisae
562 3696 586 3736 et
674 3688 776 3737 uolnera
789 3686 824 3735 M
910 3690 940 3736 ll
961 3688 1077 3750 quaeritis
1089 3686 1143 3736 Du

109 3759 172 3820 syluis
189 3759 222 3808 M
349 3774 409 3808 auro
428 3757 564 3822 BLPRp:
583 3765 599 3806 a
617 3774 659 3808 reo
679 3757 752 3808 AO&
768 3757 814 3808 aed
831 3760 870 3808 leo
888 3775 977 3824 morqo
996 3759 1030 3821 A,
1049 3774 1081 3808 an
1100 3774 1143 3809 reo
1162 3761 1199 3822 D,

109 3842 135 3874 an
152 3832 180 3878 sit
195 3831 236 3893 M,
261 3846 320 3880 areo
339 3829 372 3893 F,
391 3846 451 3878 arcu
468 3827 496 3879 S.
534 3831 622 3879 Mauro
641 3829 800 3893 Richardue,
819 3829 848 3879 E
861 3829 884 3878 ai
901 3829 1000 3880 cilentio
1010 3829 1095 3895 fidem
1119 3832 1200 3880 Mauri

110 3905 124 3956 t,
140 3901 200 3950 circo
217 3901 373 3966 Stephanae,
392 3902 451 3950 Euri
469 3900 594 3950 Heiaaiua
732 3901 794 3950 feret
812 3902 911 3950 ultimus
929 3900 955 3950 B
1074 3903 1200 3951 Hammon

109 3967 153 4018 Le:
169 3973 258 4023 hamon
278 3971 321 4035 M,
339 3975 442 4022 hammo
461 3972 500 4036 Β,
524 3974 601 4021 barno
620 3969 786 4035 alendae,
811 3975 887 4036 hymn
907 3971 940 4037 F,
962 3988 1019 4023 amo
1038 3979 1069 4023 tot
1086 3972 1200 4022 necundo

110 4055 191 4092 monus
213 4047 232 4093 h
253 4059 332 4108 caper
355 4043 488 4107 compserit
505 4042 543 4106 P,
567 4045 675 4093 Ammon
697 4052 717 4106 t,
743 4048 871 4107 Ammop
1023 4047 1053 4094 12
1073 4045 1200 4093 Affrorum

112 4109 181 4162 MPR
282 4114 324 4181 ne]
344 4109 360 4164 fi
380 4115 406 4164 P
509 4116 589 4175 belua,
607 4132 658 4164 non
677 4117 757 4164 bellua
775 4113 907 4164 ABFMR
997 4116 1065 4164 danti
1083 4116 1115 4164 ad
1133 4129 1200 4163 mor·

110 4189 149 4233 tas.
181 4188 284 4247 pretiose
308 4187 387 4236 fames
406 4185 561 4236 Moeealerua
579 4186 608 4236 ia
626 4186 832 4239 commentatione
850 4186 882 4239 de
899 4186 946 4238 boo
959 4193 1077 4256 poemate
1102 4183 1198 4234 Veam-

111 4249 188 4304 louioe
204 4273 227 4310 a.
246 4261 313 4310 1842
332 4257 403 4309 edito
415 4273 446 4322 p.
460 4260 494 4310 41
