3022 4956
324 437 384 504 124
795 433 951 489 earnem!

321 611 358 656 ne
378 611 430 654 vos
458 591 577 672 quidem
597 591 732 654 existimo
754 589 832 654 velle.
867 591 972 664 videte,
992 589 1133 672 numquid
1153 591 1213 654 hoc
1231 593 1352 672 placeat:
1370 601 1446 671 egat

321 710 374 752 ros
394 690 424 752 in
444 691 516 752 duas
539 691 597 754 iam
620 690 709 770 pelles
730 690 872 752 coniciam
894 692 1066 770 vinctosque
1080 691 1152 752 loris
1168 692 1245 752 inter
1258 691 1418 752 vestimenta

321 809 376 872 pro
400 788 522 852 sarcinis
542 787 669 862 habebo,
690 790 798 868 apertis
819 789 928 852 sedicet
946 790 1127 870 aliquatenus
1150 789 1252 864 labris,
1277 791 1377 870 quibus
1394 799 1419 851 et
1499 819 1500 832 ι

321 891 457 973 spiritum
472 887 603 968 recipcre
618 887 741 967 possitis
757 895 787 949 et
802 888 910 951 cibum.
938 889 1126 951 conclamaho
1143 887 1248 949 deinde
1267 895 1352 950 nocte
1363 907 1417 950 ser-

322 1008 374 1052 ros
397 1005 523 1070 poenam
544 987 706 1066 graviorem
727 987 863 1048 timentes
883 987 1092 1068 praecipitasse
1111 1007 1144 1048 se
1158 987 1188 1049 in
1203 1006 1295 1049 mare.
1326 987 1442 1048 ‹leindet

322 1107 390 1152 cum
406 1095 522 1150 ventum
536 1086 625 1149 fuerit
639 1086 669 1148 in
684 1092 819 1166 portum,
837 1086 900 1148 sine
914 1086 970 1148 ulla
986 1086 1151 1165 suspitione
1167 1105 1221 1167 pro
1237 1087 1359 1148 sarcinis
1372 1106 1416 1146 vos

322 1177 462 1250 elleram.³
483 1176 537 1250 ‘ita
549 1178 631 1248 vero'
647 1187 766 1268 inquam
778 1206 831 1267 ego
843 1176 994 1264 ‘tanquam
1010 1184 1120 1246 solidos
1133 1185 1311 1263 aliigeturus
1324 1185 1417 1265 quibus

321 1305 384 1349 non
403 1285 497 1348 soleat
519 1293 618 1347 veutm
636 1287 772 1348 iniuriam
792 1288 901 1357 lacere,
923 1302 960 1345 an
978 1291 1117 1364 tanquam
1132 1304 1184 1347 eos
1200 1287 1249 1364 qui
1266 1293 1417 1347 sternutare
1500 1287 1501 1290 ’

321 1403 384 1448 ιιοιι
403 1383 549 1446 soleamus
564 1402 618 1446 nec
633 1391 764 1458 stertere,
780 1403 817 1446 an
833 1383 900 1464 qnia
915 1383 973 1444 hoc
988 1401 1079 1463 genus
1094 1383 1165 1445 furti
1181 1384 1271 1445 semel
1287 1391 1368 1446 antea
1380 1384 1416 1444 lc·

320 1485 413 1547 liciter
435 1481 547 1544 cessit?
573 1484 624 1545 sed
643 1485 721 1563 finge
741 1502 799 1546 uno
821 1484 867 1545 die
885 1481 999 1543 vinctos
1014 1499 1105 1562 posse
1120 1482 1238 1544 durare:
1263 1483 1331 1562 quid
1346 1501 1415 1561 ergo,
1431 1492 1452 1542 to

320 1583 345 1646 si
362 1581 469 1644 diutius
485 1589 535 1643 aut
548 1582 741 1663 tranquillitas
757 1601 814 1645 nos
829 1582 955 1645 tenuerit
970 1589 1020 1644 aut
1030 1580 1150 1643 adversa
1161 1579 1344 1661 tempestas?
1358 1581 1417 1660 qaid

319 1680 424 1745 lecturi
448 1678 575 1742 sumus?
605 1688 702 1744 vestes
723 1700 840 1762 quoqne
862 1681 970 1743 diutius
993 1679 1104 1742 vinctas
1125 1698 1197 1759 ruga
1219 1682 1377 1756 consumit,
1393 1689 1417 1740 et
1501 1677 1502 1754 l

320 1789 414 1844 cartae
433 1779 561 1860 alligatae
576 1787 691 1842 mutant
705 1782 838 1861 liguram.
860 1781 977 1844 iuvenes
994 1780 1088 1843 adhuc
1098 1778 1207 1842 laboris
1220 1790 1349 1861 expertes
1364 1788 1416 1842 sta·

320 1889 436 1944 tuarum
453 1879 511 1941 ritu
525 1878 671 1958 patiemur
684 1898 801 1959 pannos
818 1886 847 1941 et
861 1869 991 1941 vincla?'

859 1989 880 2029 u·

402 2057 516 2127 ‘adhuc
538 2064 654 2143 aliquod
675 2063 730 2125 iter
749 2065 849 2128 salutis
870 2062 1069 2145 quaerendum
1090 2069 1144 2124 est.
1179 2064 1326 2144 inspicite,
1346 2062 1415 2144 qnod
1431 2071 1452 2121 tt

320 2185 374 2245 ego
387 2165 492 2228 inveni.
511 2163 674 2244 Eumolpus
685 2171 824 2244 tanquam
835 2163 994 2227 litterarum
1007 2160 1157 2224 studiosus
1169 2162 1270 2243 utique
1282 2171 1416 2224 atramen-
1502 2221 1503 2238 p

320 2271 383 2326 tum
399 2262 494 2327 habet.
525 2264 583 2325 hoc
602 2283 671 2343 ergo
687 2262 817 2327 remedio
834 2269 982 2324 mutemus
998 2261 1111 2322 colores
1127 2281 1144 2321 a
1160 2261 1270 2341 capillis
1285 2260 1416 2341 usquead
1502 2249 1503 2270 ³

320 2380 444 2441 ungues.
479 2363 518 2423 ita
544 2370 682 2442 unquam
705 2363 779 2425 servi
799 2359 957 2439 Aethiopes
978 2365 1006 2420 et
1024 2367 1141 2439 praesto
1161 2359 1214 2421 tihi
1237 2361 1344 2422 erimus
1361 2360 1416 2421 sine

321 2467 537 2524 tormentorum
558 2460 662 2524 iniuria
682 2461 805 2536 hilares,
826 2467 855 2522 et
870 2464 1035 2540 permutato
1053 2458 1152 2520 colore
1166 2458 1352 2539 imponemus
1366 2458 1415 2520 ini-

320 2551 425 2624 micis?
446 2551 599 2642 ‘quidnii'
619 2560 714 2640 inquit
728 2561 818 2623 Giton
829 2550 931 2622 ‘etiam
948 2556 1122 2618 circumcide
1136 2575 1206 2631 nos,
1225 2566 1258 2620 ut
1271 2558 1365 2620 ludaei
1378 2556 1414 2617 ri·
1428 2566 1452 2616 tt

322 2662 450 2736 deamnr,
466 2669 495 2723 et
510 2661 654 2742 pertunde
668 2678 764 2734 aures,
779 2665 812 2721 ut
826 2658 975 2720 imitemur
987 2655 1108 2731 Arabes,
1124 2663 1154 2717 et
1164 2655 1274 2718 increta
1285 2656 1376 2730 iacies,
1389 2662 1416 2715 ut
1503 2691 1504 2751 ι

395 2838 475 2884 lnec
494 2833 554 2885 libri
571 2835 640 2901 quod
659 2835 761 2888 correxi
867 2835 977 2898 nunquid
996 2831 1056 2882 libri
1177 2835 1340 2884 2eoniioiam
1356 2830 1414 2881 libri.

321 2921 442 2956 consuam
460 2905 642 2962 Bourdelotoe.
671 2907 788 2974 fortasse
805 2908 831 2956 in
850 2907 911 2956 duos
930 2906 1052 2954 coniciam
1068 2905 1144 2968 pelles
1252 2906 1414 2970 impedimenta

323 2975 440 3041 Cuperem
548 2981 681 3031 3habebo
694 2987 735 3046 pt,
754 2981 853 3060 Q
871 2992 959 3043 usurpo
978 2976 1018 3026 L:
1035 2973 1156 3026 habeoL
1264 2977 1414 3026 4eonclsmo

321 3083 346 3131 L
455 3087 536 3148 lego
555 3101 602 3134 om.
622 3085 647 3134 L
754 3087 897 3150 alligaturus
916 3100 942 3134 es
960 3083 1073 3137 launico
1172 3084 1295 3132 8uentus
1313 3082 1337 3130 L

322 3157 336 3206 9
356 3160 430 3204 antea
448 3152 598 3220 Scioppius:
616 3173 673 3206 mea
686 3175 717 3222 p,
736 3173 793 3208 mee
811 3156 926 3221 repetitis
939 3155 1045 3219 punctio
1068 3170 1146 3219 quom
1170 3153 1317 3205 deletor-iam
1338 3159 1414 3202 uotum

319 3260 419 3312 Fronto
438 3260 507 3312 elicit
523 3261 553 3312 iu
569 3261 686 3327 marpice
697 3261 731 3326 L,
750 3264 812 3312 mihi
831 3269 848 3317 t.
883 3262 998 3312 Menelao
1016 3259 1129 3310 Ioltoiue
1147 3258 1287 3310 sectandum
1301 3258 1414 3325 Orlpesioe

319 3333 394 3385 IIII
403 3335 456 3385 435
549 3336 580 3384 10
591 3333 709 3400 fortasse
727 3335 785 3398 quid
804 3350 866 3394 oerq
967 3336 998 3382 11
1018 3347 1064 3381 nos
1083 3330 1182 3382 delebat
1198 3329 1341 3396 Scioppius.
1363 3328 1413 3394 sor·

319 3416 385 3458 tasse
404 3422 494 3458 nauem
623 3409 654 3454 12
674 3413 755 3456 uestes
780 3407 869 3455 diutius
893 3406 987 3454 uinctos
1011 3419 1073 3468 ruge
1097 3404 1220 3453 consumit
1244 3411 1269 3452 et
1292 3412 1354 3452 carte
1371 3400 1413 3449 alli-

319 3488 376 3544 gate
395 3488 493 3530 mittant
511 3481 617 3544 figuram
635 3475 711 3528 habet
720 3477 879 3544 florilepium
891 3474 1044 3527 Parisiorum
1151 3476 1247 3524 iunctas
1263 3473 1308 3526 ced
1319 3475 1345 3524 iu
1356 3487 1413 3521 aturr-

316 3551 377 3617 pioe
396 3553 491 3601 uinctos
510 3552 536 3600 L
646 3552 678 3599 13
698 3556 765 3598 arcte
784 3547 918 3598 Iocobeiue
1037 3550 1067 3595 14
1086 3547 1185 3596 uincula
1199 3553 1233 3610 pe
1345 3541 1413 3593 tritas

320 3621 469 3686 coccoque
493 3622 621 3674 asteriscis
643 3620 768 3683 compleat
790 3636 895 3670 uersam
912 3619 960 3668 Lt:
982 3618 1106 3668 lacunam
1123 3634 1174 3668 ooo
1192 3617 1299 3683 opnomt
1316 3635 1348 3683 p,
1369 3629 1413 3678 qao

315 3691 425 3756 probato
443 3693 509 3742 aliud
528 3695 610 3759 recipi
627 3692 733 3744 debebot
859 3694 890 3740 15
911 3692 994 3740 adhuc
1013 3707 1060 3742 oin.
1079 3698 1096 3754 t,
1115 3688 1179 3742 odd.
1198 3706 1287 3756 morpo
1305 3697 1314 3737 t

321 3763 420 3825 aliquod
438 3761 495 3826 lp:
514 3767 579 3814 alind
598 3765 698 3829 aliquod
718 3772 734 3817 t.
771 3764 838 3812 aliud
857 3764 923 3827 quod
943 3760 1082 3812 Goldoetao
1207 3763 1265 3825 quid
1284 3762 1308 3810 L

323 3836 354 3882 16
373 3833 499 3883 literarum
518 3843 542 3884 et
558 3837 596 3886 cic
613 3842 757 3887 copulenter
774 3832 800 3883 L
921 3839 951 3883 ll
972 3834 1080 3882 remedio
1100 3831 1209 3896 dmpsit
1225 3833 1334 3883 lacerno
1351 3824 1413 3892 opud

320 3902 516 3955 Hodoiaoiolem
634 3910 743 3957 colorem
761 3903 880 3956 Nodotua
998 3906 1030 3954 18
1049 3906 1132 3968 itaque
1150 3903 1320 3954 Memmianoa

321 3977 395 4026 etiam
409 3975 434 4024 L
522 3979 576 4042 tibi]
589 3978 751 4029 illiNodotue
842 3979 875 4028 20
894 3977 952 4040 quid
971 3977 1013 4026 nii
1031 3975 1071 4026 L.-
1090 3977 1148 4039 quid
1166 3986 1193 4024 tu
1207 3983 1248 4039 pt,
1267 3977 1323 4039 quin
1336 3985 1413 4034 otorpo

321 4055 337 4098 t.
374 4048 459 4110 quidni
478 4047 554 4098 etiam
576 4049 711 4114 Titoque
730 4057 815 4099 tumen
838 4059 865 4099 tu
889 4047 1009 4098 additam
1028 4047 1115 4112 fciam
1140 4061 1152 4095 e
1175 4047 1266 4096 notula
1294 4039 1413 4096 rameii

321 4117 465 4170 concludas.
501 4120 560 4183 quid
579 4128 632 4170 tum
650 4119 796 4186 Scioppius,
815 4122 873 4184 quin
892 4129 919 4170 tu
937 4119 1091 4179 Goldaatoa;
1108 4117 1275 4168 irridetdum
1287 4117 1412 4182 adfinoaa·

321 4200 369 4242 tem
384 4189 490 4240 simulat
583 4193 675 4242 Guitoo
688 4193 713 4242 L
809 4194 884 4242 etiam
896 4191 934 4241 L:
953 4200 977 4240 et
989 4198 1024 4256 pt
1116 4191 1254 4240 circuncide
1267 4197 1311 4240 tet
1321 4186 1412 4237 Μοιιιιιι·

320 4279 380 4316 cetto
399 4270 457 4316 tecte
474 4261 500 4314 L
619 4266 653 4314 21
673 4270 697 4314 et
714 4265 845 4328 pertunde]
866 4272 891 4314 et
903 4271 950 4332 pt:
969 4263 1043 4313 etiam
1061 4262 1086 4310 L
