3078 4956
580 447 788 502 unanimum
1171 455 1233 517 223

191 604 311 654 Petronii
327 605 451 656 Binstns:
469 605 499 655 in
516 603 589 655 libris
606 601 772 655 Salmasimw
791 609 815 654 et
835 603 962 655 Thuaneo
980 604 1133 672 inscriptam
1150 615 1187 658 est
1204 610 1234 659 de

124 675 189 722 malis
213 677 300 725 aurcis
326 679 431 726 amatori
450 680 480 725 nb
500 683 583 726 amata
601 678 689 738 missis,
708 676 737 726 in
761 675 883 725 Vossiano
902 678 932 726 de
955 679 1026 727 malis
1048 681 1137 733 aurcis.
1172 678 1235 730 uide

123 744 284 810 antholopias
305 747 453 798 Burmanni
471 747 527 798 ΙΙΙ
543 750 595 796 207
614 745 751 813 etMeyeri
769 749 829 796 979.
864 748 993 813 ¹neminum
1007 765 1119 812 prorsus
1137 759 1174 801 est
1189 751 1234 801 Al·

123 817 178 866 simi
203 835 315 868 narnien
332 819 389 869 III
405 824 464 870 211.
503 819 547 868 hos
564 835 656 869 uersus
673 819 740 869 nihii
755 819 840 868 minus
858 836 936 883 quam
954 819 1106 872 Petronium
1123 823 1236 888 reamare

123 887 159 936 ait
168 889 270 938 Douza
292 890 322 940 de
340 891 446 956 reliquis
465 891 655 956 epiprammatis
673 908 725 942 non
744 906 823 942 ausus
842 890 999 943 addubitare
1108 898 1119 942 l
1140 896 1236 944 Marcis

118 974 199 1022 perc
226 959 371 1012 Vossianus
470 965 575 1026 3puts:
596 964 638 1011 sed
657 972 681 1011 te
700 964 789 1026 magis.
807 964 861 1026 ipss
879 963 922 1012 uei
938 973 1010 1026 puta:
1029 965 1072 1014 sed
1091 973 1117 1014 tn
1136 967 1235 1014 mallem

122 1032 172 1092 ipsa
191 1031 338 1094 Heinsius;
357 1046 428 1098 putes
449 1032 650 1098 Oudendorpias
758 1036 895 1082 atomum
917 1033 1060 1086 Thuaneus
1159 1039 1172 1083 5
1193 1043 1257 1086 ex-v

121 1112 205 1163 portes
229 1103 374 1154 Thuaneus
399 1105 546 1156 Vossianus.
584 1113 608 1154 et
626 1113 708 1168 portes
727 1104 852 1155 Heinsius
979 1111 993 1156 6
1013 1108 1115 1157 tristicia
1133 1104 1235 1158 Salma-

121 1171 211 1222 sianus
237 1173 389 1228 Vossianus.
417 1179 490 1226 tristis
504 1175 629 1226 Heinsius
738 1181 750 1226 7
773 1186 797 1226 et
814 1174 996 1226 Salmasianus
1017 1173 1164 1232 mnesteus.
1192 1187 1235 1228 snt

121 1242 250 1295 Heinsius
322 1251 343 1297 si
357 1251 419 1297 sorte
432 1249 569 1297 dissimulas
582 1246 728 1311 Thuaneus,
741 1249 760 1296 si
775 1250 837 1297 sorte
850 1249 975 1297 dissimula
984 1247 1166 1300 Salmasianus

123 1316 136 1361 8
156 1317 193 1365 sic
212 1335 306 1384 rnarqo
321 1318 423 1369 Bineti:
442 1335 470 1368 os
489 1320 554 1382 quali
573 1321 731 1383 eomprcmis
739 1322 815 1369 multe
829 1319 946 1382 Binetus‚
966 1335 1043 1384 osque
1061 1323 1121 1371 ledis
1140 1337 1235 1371 morsu-

121 1387 191 1437 mitte
204 1387 392 1440 Salmasianns
410 1390 566 1440 canentiam
585 1407 641 1440 cum
659 1389 790 1444 Vossiano.
818 1394 903 1441 oscula
921 1393 952 1441 de
970 1407 1054 1442 morsu
1073 1395 1142 1456 mitte
1154 1393 1235 1443 Hein-

121 1458 174 1508 sius
287 1464 381 1512 borauo
399 1459 580 1513 Salmasiamus

594 1619 774 1683 xxxxhh*

274 1724 297 1784 si
313 1723 426 1784 Phoebi
442 1743 529 1784 soror
544 1744 589 1798 eS,
605 1724 712 1786 matida
729 1724 795 1800 tibi,
813 1724 903 1797 Delia,
921 1745 1038 1787 cansam

314 1822 424 1883 seilicet
439 1830 471 1883 nt
485 1822 583 1895 fratri,
600 1842 672 1902 quae
688 1830 772 1902 peto,
788 1821 875 1883 verba
889 1821 981 1883 feras:

257 1913 420 1983 ‘marmore
436 1921 546 1982 sicanio
563 1921 654 1982 struxi
669 1921 737 1993 tihi,
754 1920 902 1999 Delphice,
916 1921 1059 1999 templum

314 2028 343 2080 et
358 2019 466 2081 levibns
483 2019 601 2080 calanus
617 2019 738 2080 candida
755 2018 933 2092 verba‘dedi,

218 2136 232 2184 5
274 2137 354 2180 nunc
369 2118 394 2178 si
405 2137 461 2178 nos
478 2117 560 2178 audis
577 2125 662 2198 atque
677 2138 708 2179 es
725 2116 854 2191 divinus,
870 2119 987 2198 Apollo,

317 2217 364 2277 die
379 2215 464 2288 mihi,
481 2215 530 2294 qui
546 2234 685 2276 nummos
701 2216 878 2290 nonhabet,
894 2217 971 2278 unde
987 2206 1079 2298 petst²

201 2339 308 2386 Petronii
321 2337 444 2386 Binetus:
463 2335 524 2386 uide
538 2336 686 2388 Burmanni
699 2337 794 2390 anthol.
805 2337 861 2387 ΙΠ
871 2341 923 2388 213
1014 2341 1028 2390 3
1043 2342 1062 2388 si
1075 2342 1149 2390 Pario
1156 2357 1236 2407 prae-

130 2416 206 2457 eunte
224 2409 330 2459 Heinsio
348 2406 520 2470 Stheneleius,
540 2408 679 2472 Synnadico
693 2409 863 2459 Burmannus
881 2410 1015 2464 secundus.
1039 2411 1092 2476 ispe
1104 2415 1124 2462 si
1136 2416 1235 2476 quando

606 2566 757 2629 XXXXV*

319 2672 418 2732 omnia
435 2690 508 2750 quae
523 2670 645 2730 miseras
661 2679 789 2750 possunt
803 2672 886 2733 finire
902 2675 1055 2752 querellas,

358 2768 387 2830 in
403 2775 544 2848 promptu
559 2769 649 2830 voluit
665 2770 804 2832 candidus
821 2769 885 2834 esse
902 2773 982 2835 deus.

316 2866 369 2926 vile
386 2867 450 2927 olus
466 2875 494 2928 et
509 2867 589 2928 duris
606 2869 752 2930 haerentia
768 2889 850 2932 mora
866 2870 978 2932 rubetis

358 2965 515 3043 pugnantis
531 2967 675 3027 stomachi
691 2986 885 3048 composuere
900 2970 1018 3032 famem.

259 3081 273 3129 5
318 3063 438 3124 flumine
454 3062 548 3125 vicino
564 3065 669 3126 stultus
684 3065 755 3139 sitit,
770 3068 869 3147 effugit
883 3087 953 3129 euro

359 3181 426 3222 eum
442 3162 550 3224 calidus
564 3164 664 3243 tepido
681 3173 826 3226 consonat
840 3167 906 3244 igne
921 3187 1021 3246 rogus

316 3260 362 3321 lex
377 3266 486 3321 armata
502 3262 584 3322 sedet
599 3263 708 3323 circum
723 3260 784 3324 fera
798 3263 897 3326 limina
911 3273 1031 3346 nuptae,

359 3359 401 3420 nil
417 3359 519 3420 metuit
533 3358 611 3420 licito
619 3359 691 3442 susa
707 3361 800 3438 pucha
814 3368 892 3422 toro.

317 3459 394 3538 quod
411 3458 515 3519 satiare
530 3466 640 3538 potest,
656 3458 735 3519 dives
751 3465 853 3521 natura
868 3461 1027 3537 ministrat,

243 3572 274 3622 10
361 3558 440 3637 quod
456 3558 542 3622 docet
555 3557 677 3619 infrenis
693 3558 799 3637 gloria,
815 3560 873 3620 fine
888 3568 966 3622 caret

203 3679 311 3726 Petronii
329 3677 439 3729 Binetas
556 3682 572 3727 4
591 3681 723 3744 pungentis
742 3681 836 3730 Danaa
847 3681 874 3746 f.
992 3684 1006 3731 5
1023 3672 1101 3744 ‘farte
1120 3688 1144 3730 et
1160 3673 1234 3744 riget’

136 3745 238 3798 Binstns
334 3765 395 3800 ratim
415 3765 469 3799 cmo
488 3748 500 3798 i
591 3753 604 3800 6
625 3751 699 3800 intimo
718 3753 787 3801 focus
881 3755 911 3802 10
931 3754 1047 3804 infraenis
1066 3751 1095 3803 in
1111 3752 1237 3817 maraine,

136 3819 231 3870 inferius
249 3819 279 3870 in
296 3835 375 3871 uersu
393 3821 503 3872 Binstus

565 3917 568 3921 ’
602 3963 768 4025 xxxxu*

353 4065 453 4127 militis
469 4066 499 4126 in
515 4067 592 4146 galea
607 4065 709 4128 nidum
723 4067 818 4128 fecere
834 4067 998 4129 columbae:

397 4165 530 4245 adparet,
546 4165 629 4226 Marti
645 4184 732 4244 qnam
748 4166 787 4226 sit
800 4165 894 4227 amica
909 4167 1004 4230 Venus

202 4284 313 4333 Petronii
329 4284 454 4335 Binstus:
473 4285 534 4336 uide
552 4284 702 4338 Burmanni
720 4284 815 4338 anthol.
833 4285 887 4336 ΙΙΙ
906 4290 958 4340 236
