3078 4956
337 457 400 519 222
813 455 971 508 PETRONH

402 609 492 675 primi
501 609 730 676 frapmento'eliud
742 609 789 662 hoe
801 611 936 662 eubiuueit
946 609 1078 677 Scaliger:
1095 611 1192 678 inferri
1210 612 1289 664 imoit
1298 613 1332 666 iu
1345 614 1455 666 satiram

332 698 363 748 p.
378 685 437 746 let,
452 685 484 732 18
504 683 598 733 Deuca
608 681 635 748 f.
745 687 758 732 t
779 699 906 734 murmura
921 682 1042 734 nepotes

821 860 964 922 XXXXI*

522 975 619 1038 Indice
635 994 784 1056 purpureo
801 977 900 1054 genuit
914 996 962 1037 me
977 975 1073 1038 littore
1086 977 1187 1052 tellus,

566 1075 705 1136 candidus
721 1092 845 1135 accenso
861 1094 916 1154 qua
932 1075 1007 1136 redit
1022 1075 1093 1135 orbe
1108 1076 1180 1136 dies
1270 1087 1275 1099 ¹

524 1173 572 1235 hic
587 1193 641 1252 ego
657 1173 771 1234 divinos
786 1174 861 1235 inter
876 1181 1030 1252 generatus
1046 1175 1174 1236 honores

569 1271 676 1333 mutavi
692 1271 774 1331 Latio
790 1270 911 1332 barbara
927 1271 1013 1332 verbe
1031 1289 1116 1332 sono.

466 1387 481 1436 5
525 1369 583 1431 iam
599 1369 712 1430 dimitte
726 1376 810 1439 tuos,
826 1369 920 1430 Paean
937 1389 954 1429 o
970 1369 1117 1448 Delphice,
1134 1387 1255 1450 cycnos:

566 1465 681 1547 dignior
695 1467 767 1528 haec
781 1487 837 1528 vox
851 1476 898 1529 est
912 1487 986 1549 quae
1000 1475 1048 1529 tna
1064 1468 1172 1547 templa
1187 1469 1264 1530 colat

409 1624 519 1674 Petronii
537 1623 639 1674 cornice
658 1624 808 1688 praeposito
826 1624 909 1674 edidit
925 1624 1035 1675 Biuetue
1049 1632 1110 1690 poet
1120 1623 1161 1690 fr.
1180 1623 1292 1676 XXVI:
1305 1625 1452 1689 psittacum

337 1694 446 1747 laudaui
463 1697 559 1746 Dorceu
582 1695 717 1750 iudicauit.
753 1694 903 1746 Petronium
921 1696 1043 1746 Indicum
1068 1696 1181 1762 aliquem
1199 1695 1392 1761 deprehendere
1410 1697 1452 1748 tic

338 1767 387 1818 ethi
404 1767 543 1819 uidebatur
563 1765 710 1819 Goldoetue.
745 1766 807 1816 uide
826 1767 978 1818 Burmanni
995 1767 1090 1818 anthol.
1116 1766 1207 1818 V148
1294 1797 1296 1800 ·
1342 1772 1451 1819 2rubct

337 1839 508 1890 Burmannus
526 1838 653 1888 secundun
752 1840 875 1888 dodorus
894 1857 981 1905 margo
998 1839 1088 1890 Biueti
1104 1839 1141 1889 sic
1159 1847 1189 1890 ut
1205 1840 1235 1889 iu
1247 1840 1392 1892 Dracontie'
1409 1839 1451 1891 Ite-
1535 1854 1536 1890 i

337 1911 474 1962 echemcro
492 1909 525 1960 de
543 1910 677 1976 elephanto
695 1912 767 1960 belua
786 1912 882 1960 diuinos
900 1913 964 1960 inter
982 1922 1114 1975 generatur
1132 1913 1220 1962 odores
1327 1914 1342 1960 5
1362 1914 1449 1961 cicnos

339 1982 466 2033 traditum
483 1990 521 2033 eet
627 1985 642 2031 6
663 1997 708 2031 uos
727 1981 836 2032 Binetos
855 1991 994 2032 correctum
1011 1982 1040 2032 ire
1057 1982 1173 2048 marpioe

816 2165 973 2230 xxxxn*
1069 2173 1073 2179 '

506 2283 663 2363 naufragus
679 2283 766 2344 eiecta
782 2285 881 2345 nudus
897 2292 957 2345 rate
973 2283 1085 2363 quaerit
1099 2283 1202 2344 eodem

546 2400 720 2461 percussum
735 2382 807 2455 telo,
824 2383 870 2444 oui
886 2402 938 2444 sua
952 2383 1009 2444 fata
1025 2383 1108 2461 legat.

504 2482 645 2561 grandine
661 2481 709 2561 qui
726 2490 838 2560 segetes
854 2488 883 2542 et
897 2489 992 2543 totum
1008 2481 1136 2561 perdidit
1150 2498 1272 2556 annum,
1327 2487 1332 2496 '

546 2580 576 2641 in
593 2579 681 2642 simili
695 2579 781 2640 deflet
794 2579 888 2640 tristia
902 2577 962 2640 fata
977 2578 1053 2640 sinu.

448 2695 463 2744 5
507 2679 610 2740 funere
626 2677 781 2739 conciliant
795 2676 929 2749 miseros,
946 2675 1068 2755 orbique
1082 2685 1217 2754 parentes

547 2777 730 2856 coniungunt
744 2774 883 2854 gemitus,
899 2772 1010 2834 etfacit
1025 2774 1096 2836 hora
1112 2793 1207 2854 pares.

503 2894 561 2937 nos
578 2893 695 2954 quoque
712 2873 842 2935 confusis
857 2871 995 2933 feriemus
1012 2871 1107 2943 sidera
1121 2873 1230 2946 verbis,

547 2973 665 3034 etfama
681 2979 727 3033 est
742 2971 854 3033 iunctas
869 2971 975 3032 fortius
989 2972 1032 3032 ire
1047 2989 1149 3051 preces

409 3112 518 3161 Petronii
530 3109 652 3160 Bieetue:
664 3109 849 3173 compca-abent
860 3109 956 3158 satirae
970 3125 1026 3173 cup.
1035 3111 1084 3157 115
1160 3110 1171 3155 1
1187 3123 1273 3157 euersa
1283 3108 1377 3160 Douza

341 3186 357 3233 2
376 3183 433 3232 fleut
451 3180 586 3232 Iacodec'ue
731 3184 744 3229 5
765 3183 873 3244 sortique
892 3180 1001 3230 Biuetue
1019 3187 1158 3230 correctum
1176 3177 1205 3229 iu
1222 3179 1340 3246 marpiee

339 3258 354 3304 6
374 3270 436 3303 urna
454 3251 575 3303 Raetus
678 3257 690 3300 7
704 3252 820 3317 fortusse
839 3254 876 3301 ses
896 3260 932 3301 cst
1023 3253 1117 3302 iunctas
1139 3250 1166 3300 c'u
1184 3251 1309 3317 eucapiae,
1329 3261 1439 3302 constent

337 3327 366 3377 iu
384 3341 463 3377 uersu
480 3324 589 3376 Binetus

810 3462 977 3526 xxxxlfl*
1019 3489 1023 3496 ·

504 3603 590 3646 auree
605 3584 680 3644 mala
695 3581 779 3654 mihi,
796 3580 888 3642 dulcis
903 3599 967 3643 mea
982 3580 1101 3655 Marcia,
1117 3582 1223 3656 mittis,

544 3683 637 3745 mittis
652 3689 682 3743 et
695 3681 823 3741 hirsutae
837 3696 958 3740 munera
974 3687 1132 3741 castaneae.

505 3781 603 3842 omnia
619 3788 698 3860 grata
714 3786 828 3859 putem,
843 3777 893 3838 sed
909 3777 934 3838 si
950 3777 1042 3856 magis
1058 3774 1122 3857 ipsa¹
1138 3779 1266 3853 venires,

547 3897 667 3941 ornares
684 3880 811 3951 donum,
827 3876 948 3955 pulchre
964 3875 1070 3955 puelle,
1085 3885 1178 3939 tuum.

446 3992 461 4040 5
504 3982 535 4036 tu
550 3976 616 4036 licet
630 3975 768 4055 adportes
783 3975 954 4052 stringentia
969 3975 1043 4036 mala
1059 3975 1200 4055 palatum,

538 4073 633 4135 tristia
647 4074 795 4136 mandenti
810 4080 856 4134 est
870 4072 990 4135 melleus
1007 4093 1058 4136 ore
1073 4090 1171 4154 sapor.

503 4180 533 4233 at
547 4171 573 4232 si
588 4170 755 4234 dissimulas
770 4172 894 4233 multum
911 4172 983 4233 mihi
998 4191 1064 4235 cara
1079 4172 1191 4246 venire,

526 4265 530 4272 '
546 4268 646 4336 oscula
660 4288 726 4330 eum
742 4270 839 4350 pomis
854 4271 949 4333 mitte:
966 4270 1075 4332 vorabo
1090 4271 1194 4334 lubens
