<?xml version="1.0" encoding="UTF-8"?>
<!DOCTYPE html PUBLIC "-//W3C//DTD XHTML 1.0 Transitional//EN"
    "http://www.w3.org/TR/xhtml1/DTD/xhtml1-transitional.dtd">
<html xmlns="http://www.w3.org/1999/xhtml" xml:lang="en" lang="en">
 <head>
  <title>
</title>
<meta http-equiv="Content-Type" content="text/html;charset=utf-8" />
  <meta name='ocr-system' content='tesseract 3.04.00' />
  <meta name='ocr-capabilities' content='ocr_page ocr_carea ocr_par ocr_line ocrx_word'/>
</head>
<body>
  <div class='ocr_page' id='page_1' title='image "./petroniiarbitri00buecgoog_0014.png"; bbox 0 0 3008 4962; ppageno 0'>
   <div class='ocr_carea' id='block_1_1' title="bbox 1165 485 1230 526">
    <p class='ocr_par' dir='ltr' id='par_1_1' title="bbox 1165 485 1230 526">
     <span class='ocr_line' id='line_1_1' title="bbox 1165 485 1230 526; baseline 0 0"><span class='ocrx_word' id='word_1_1' title='bbox 1165 485 1230 526; x_wconf 82' lang='lat' dir='ltr'><em>vnn</em></span> 
     </span>
    </p>
   </div>
   <div class='ocr_carea' id='block_1_2' title="bbox 118 617 1272 1460">
    <p class='ocr_par' dir='ltr' id='par_1_2' title="bbox 119 617 1231 918">
     <span class='ocr_line' id='line_1_2' title="bbox 120 617 1230 701; baseline -0.001 -20"><span class='ocrx_word' id='word_1_2' title='bbox 120 625 130 696; x_wconf 76' lang='lat' dir='ltr'><em>t</em></span> <span class='ocrx_word' id='word_1_3' title='bbox 134 642 167 701; x_wconf 95' lang='lat' dir='ltr'><em>p.</em></span> <span class='ocrx_word' id='word_1_4' title='bbox 187 621 239 696; x_wconf 80' lang='lat'><em>61,</em></span> <span class='ocrx_word' id='word_1_5' title='bbox 259 621 296 681; x_wconf 83' lang='lat'><em>15</em></span> <span class='ocrx_word' id='word_1_6' title='bbox 312 631 338 681; x_wconf 92' lang='lat' dir='ltr'><em>et</em></span> <span class='ocrx_word' id='word_1_7' title='bbox 353 619 402 690; x_wconf 84' lang='lat'><em>73,</em></span> <span class='ocrx_word' id='word_1_8' title='bbox 420 619 455 688; x_wconf 72' lang='lat' dir='ltr'><em>iii</em></span> <span class='ocrx_word' id='word_1_9' title='bbox 472 629 598 681; x_wconf 89' lang='lat' dir='ltr'><em>remotae</em></span> <span class='ocrx_word' id='word_1_10' title='bbox 612 617 724 680; x_wconf 77' lang='lat' dir='ltr'><em>Puteoli</em></span> <span class='ocrx_word' id='word_1_11' title='bbox 745 618 860 679; x_wconf 91' lang='lat' dir='ltr'><em>colonia</em></span> <span class='ocrx_word' id='word_1_12' title='bbox 870 621 1002 698; x_wconf 89' lang='lat' dir='ltr'><em>primum</em></span> <span class='ocrx_word' id='word_1_13' title='bbox 1018 619 1139 681; x_wconf 88' lang='lat' dir='ltr'><em>deducta</em></span> <span class='ocrx_word' id='word_1_14' title='bbox 1154 637 1230 680; x_wconf 90' lang='lat' dir='ltr'><em>auno</em></span> 
     </span>
     <span class='ocr_line' id='line_1_3' title="bbox 119 725 1231 806; baseline 0 -16"><span class='ocrx_word' id='word_1_15' title='bbox 119 730 208 791; x_wconf 78' lang='lat' dir='ltr'><em>corbis</em></span> <span class='ocrx_word' id='word_1_16' title='bbox 222 727 302 802; x_wconf 78' lang='lat'><em>560,</em></span> <span class='ocrx_word' id='word_1_17' title='bbox 326 739 386 790; x_wconf 90' lang='lat' dir='ltr'><em>tum</em></span> <span class='ocrx_word' id='word_1_18' title='bbox 406 747 424 788; x_wconf 92' lang='lat' dir='ltr'><em>a</em></span> <span class='ocrx_word' id='word_1_19' title='bbox 440 727 563 789; x_wconf 81' lang='lat' dir='ltr'><em>Caesare</em></span> <span class='ocrx_word' id='word_1_20' title='bbox 578 726 703 806; x_wconf 81' lang='lat' dir='ltr'><em>Anqusta</em></span> <span class='ocrx_word' id='word_1_21' title='bbox 718 725 797 788; x_wconf 89' lang='lat' dir='ltr'><em>Iulia</em></span> <span class='ocrx_word' id='word_1_22' title='bbox 812 726 952 806; x_wconf 80' lang='lat' dir='ltr'><em>Auqusta,</em></span> <span class='ocrx_word' id='word_1_23' title='bbox 968 728 1069 789; x_wconf 87' lang='lat' dir='ltr'><em>deinde</em></span> <span class='ocrx_word' id='word_1_24' title='bbox 1084 727 1231 790; x_wconf 89' lang='lat' dir='ltr'><em>aNerone</em></span> 
     </span>
     <span class='ocr_line' id='line_1_4' title="bbox 120 834 1230 918; baseline 0 -20"><span class='ocrx_word' id='word_1_25' title='bbox 120 856 203 899; x_wconf 73' lang='lat' dir='ltr'><em>roseico</em></span> <span class='ocrx_word' id='word_1_26' title='bbox 222 848 289 918; x_wconf 87' lang='lat' dir='ltr'><em>past</em></span> <span class='ocrx_word' id='word_1_27' title='bbox 302 837 447 899; x_wconf 79' lang='lat' dir='ltr'><em>Clcm&#39;stum</em></span> <span class='ocrx_word' id='word_1_28' title='bbox 463 834 506 896; x_wconf 83' lang='lat' dir='ltr'><em>(iO</em></span> <span class='ocrx_word' id='word_1_29' title='bbox 521 836 654 898; x_wconf 87' lang='lat' dir='ltr'><em>Neroneo</em></span> <span class='ocrx_word' id='word_1_30' title='bbox 670 835 810 915; x_wconf 80' lang='lat' dir='ltr'><em>Auqusta,</em></span> <span class='ocrx_word' id='word_1_31' title='bbox 831 846 857 896; x_wconf 91' lang='lat' dir='ltr'><em>et</em></span> <span class='ocrx_word' id='word_1_32' title='bbox 871 834 1009 915; x_wconf 79' lang='lat' dir='ltr'><em>Neapolis</em></span> <span class='ocrx_word' id='word_1_33' title='bbox 1029 855 1101 916; x_wconf 83' lang='lat' dir='ltr'><em>qaae</em></span> <span class='ocrx_word' id='word_1_34' title='bbox 1116 838 1230 917; x_wconf 92' lang='lat' dir='ltr'><em>quaudo</em></span> 
     </span>
    </p>

    <p class='ocr_par' dir='ltr' id='par_1_3' title="bbox 118 923 1272 1460">
     <span class='ocr_line' id='line_1_5' title="bbox 120 923 1272 1024; baseline 0 -17"><span class='ocrx_word' id='word_1_35' title='bbox 120 952 169 1008; x_wconf 80' lang='lat' dir='ltr'><em>ius</em></span> <span class='ocrx_word' id='word_1_36' title='bbox 190 946 319 1008; x_wconf 89' lang='lat' dir='ltr'><em>coloniae</em></span> <span class='ocrx_word' id='word_1_37' title='bbox 338 949 375 1006; x_wconf 88' lang='lat' dir='ltr'><em>sit</em></span> <span class='ocrx_word' id='word_1_38' title='bbox 395 946 497 1024; x_wconf 88' lang='lat' dir='ltr'><em>adepta</em></span> <span class='ocrx_word' id='word_1_39' title='bbox 515 949 677 1024; x_wconf 89' lang='lat' dir='ltr'><em>iqnaratur.</em></span> <span class='ocrx_word' id='word_1_40' title='bbox 707 961 813 1022; x_wconf 85' lang='lat' dir='ltr'><em>praeca</em></span> <span class='ocrx_word' id='word_1_41' title='bbox 832 943 904 1005; x_wconf 84' lang='lat' dir='ltr'><em>urbs</em></span> <span class='ocrx_word' id='word_1_42' title='bbox 920 964 951 1024; x_wconf 93' lang='lat' dir='ltr'><em>p.</em></span> <span class='ocrx_word' id='word_1_43' title='bbox 964 944 1013 1016; x_wconf 82' lang='grc'><em>96,</em></span> <span class='ocrx_word' id='word_1_44' title='bbox 1030 946 1048 1005; x_wconf 85' lang='grc'>7</span> <span class='ocrx_word' id='word_1_45' title='bbox 1064 948 1173 1006; x_wconf 90' lang='lat' dir='ltr'><em>mirum</em></span> <span class='ocrx_word' id='word_1_46' title='bbox 1192 956 1232 1007; x_wconf 88' lang='lat' dir='ltr'><em>est</em></span> <span class='ocrx_word' id='word_1_47' title='bbox 1267 923 1272 930; x_wconf 25' lang='grc' dir='ltr'>ι</span> 
     </span>
     <span class='ocr_line' id='line_1_6' title="bbox 118 1052 1232 1136; baseline -0.001 -20"><span class='ocrx_word' id='word_1_48' title='bbox 118 1059 254 1136; x_wconf 78' lang='lat' dir='ltr'><em>prosecta</em></span> <span class='ocrx_word' id='word_1_49' title='bbox 280 1058 305 1115; x_wconf 89' lang='lat' dir='ltr'><em>si</em></span> <span class='ocrx_word' id='word_1_50' title='bbox 322 1054 482 1116; x_wconf 89' lang='lat' dir='ltr'><em>Puteolana</em></span> <span class='ocrx_word' id='word_1_51' title='bbox 503 1057 602 1114; x_wconf 76' lang='lat' dir='ltr'><em>civilem</em></span> <span class='ocrx_word' id='word_1_52' title='bbox 622 1064 745 1116; x_wconf 87' lang='lat' dir='ltr'><em>vocatur</em></span> <span class='ocrx_word' id='word_1_53' title='bbox 765 1063 824 1113; x_wconf 90' lang='lat' dir='ltr'><em>tam</em></span> <span class='ocrx_word' id='word_1_54' title='bbox 844 1053 894 1114; x_wconf 92' lang='lat' dir='ltr'><em>diu</em></span> <span class='ocrx_word' id='word_1_55' title='bbox 921 1072 939 1114; x_wconf 91' lang='lat' dir='ltr'><em>a</em></span> <span class='ocrx_word' id='word_1_56' title='bbox 958 1052 1098 1114; x_wconf 84' lang='lat' dir='ltr'><em>Romanis</em></span> <span class='ocrx_word' id='word_1_57' title='bbox 1123 1054 1232 1115; x_wconf 88' lang='lat' dir='ltr'><em>colonis</em></span> 
     </span>
     <span class='ocr_line' id='line_1_7' title="bbox 122 1165 1232 1242; baseline 0 -18"><span class='ocrx_word' id='word_1_58' title='bbox 122 1165 256 1226; x_wconf 78' lang='lat' dir='ltr'><em>habitata</em></span> <span class='ocrx_word' id='word_1_59' title='bbox 270 1181 360 1242; x_wconf 89' lang='lat' dir='ltr'><em>neque</em></span> <span class='ocrx_word' id='word_1_60' title='bbox 374 1181 495 1242; x_wconf 89' lang='lat' dir='ltr'><em>qraeeae</em></span> <span class='ocrx_word' id='word_1_61' title='bbox 510 1167 603 1241; x_wconf 89' lang='lat' dir='ltr'><em>maqis</em></span> <span class='ocrx_word' id='word_1_62' title='bbox 617 1181 704 1242; x_wconf 90' lang='lat' dir='ltr'><em>quam</em></span> <span class='ocrx_word' id='word_1_63' title='bbox 719 1165 876 1222; x_wconf 84' lang='lat' dir='ltr'><em>uariorum</em></span> <span class='ocrx_word' id='word_1_64' title='bbox 891 1166 1043 1225; x_wconf 77' lang='lat' dir='ltr'><em>aetianam</em></span> <span class='ocrx_word' id='word_1_65' title='bbox 1055 1166 1232 1224; x_wconf 87' lang='lat' dir='ltr'><em>commerciis</em></span> 
     </span>
     <span class='ocr_line' id='line_1_8' title="bbox 122 1261 1232 1353; baseline -0.003 -19"><span class='ocrx_word' id='word_1_66' title='bbox 122 1285 151 1336; x_wconf 86' lang='lat' dir='ltr'><em>et</em></span> <span class='ocrx_word' id='word_1_67' title='bbox 164 1275 329 1353; x_wconf 75' lang='lat' dir='ltr'><em>frequentia</em></span> <span class='ocrx_word' id='word_1_68' title='bbox 339 1274 474 1350; x_wconf 87' lang='lat' dir='ltr'><em>insiquis:</em></span> <span class='ocrx_word' id='word_1_69' title='bbox 489 1270 641 1353; x_wconf 74' lang='lat' dir='ltr'><em>Neapolim</em></span> <span class='ocrx_word' id='word_1_70' title='bbox 652 1263 749 1350; x_wconf 81' lang='lat' dir='ltr'><em>‘quasi</em></span> <span class='ocrx_word' id='word_1_71' title='bbox 757 1289 894 1350; x_wconf 85' lang='lat' dir='ltr'><em>praecum</em></span> <span class='ocrx_word' id='word_1_72' title='bbox 904 1261 1018 1332; x_wconf 80' lang='lat' dir='ltr'><em>urlem&#39;</em></span> <span class='ocrx_word' id='word_1_73' title='bbox 1036 1291 1102 1332; x_wconf 93' lang='lat' dir='ltr'><em>cum</em></span> <span class='ocrx_word' id='word_1_74' title='bbox 1109 1272 1232 1351; x_wconf 90' lang='lat' dir='ltr'><em>prodire</em></span> 
     </span>
     <span class='ocr_line' id='line_1_9' title="bbox 121 1378 1231 1460; baseline -0.005 -18"><span class='ocrx_word' id='word_1_75' title='bbox 121 1387 155 1443; x_wconf 91' lang='lat' dir='ltr'><em>in</em></span> <span class='ocrx_word' id='word_1_76' title='bbox 167 1399 304 1442; x_wconf 88' lang='lat' dir='ltr'><em>scaenam</em></span> <span class='ocrx_word' id='word_1_77' title='bbox 316 1391 431 1460; x_wconf 87' lang='lat' dir='ltr'><em>cuperet</em></span> <span class='ocrx_word' id='word_1_78' title='bbox 443 1379 626 1459; x_wconf 88' lang='lat' dir='ltr'><em>deleqitNero</em></span> <span class='ocrx_word' id='word_1_79' title='bbox 635 1378 762 1451; x_wconf 83' lang='lat' dir='ltr'><em>(Tacitus</em></span> <span class='ocrx_word' id='word_1_80' title='bbox 771 1398 839 1441; x_wconf 89' lang='lat' dir='ltr'><em>ann.</em></span> <span class='ocrx_word' id='word_1_81' title='bbox 852 1378 978 1456; x_wconf 74' lang='lat' dir='ltr'><em>ded).</em></span> <span class='ocrx_word' id='word_1_82' title='bbox 995 1380 1103 1441; x_wconf 82' lang='lat' dir='ltr'><em>accedit</em></span> <span class='ocrx_word' id='word_1_83' title='bbox 1115 1381 1231 1460; x_wconf 85' lang='lat' dir='ltr'><em>quadiu</em></span> 
     </span>
    </p>
   </div>
   <div class='ocr_carea' id='block_1_3' title="bbox 21 1478 1232 1568">
    <p class='ocr_par' dir='ltr' id='par_1_4' title="bbox 21 1478 1232 1568">
     <span class='ocr_line' id='line_1_10' title="bbox 21 1478 1232 1568; baseline -0.003 -16"><span class='ocrx_word' id='word_1_84' title='bbox 21 1527 26 1533; x_wconf 95' lang='lat'>-</span> <span class='ocrx_word' id='word_1_85' title='bbox 123 1491 238 1552; x_wconf 80' lang='lat' dir='ltr'><em>crebris</em></span> <span class='ocrx_word' id='word_1_86' title='bbox 256 1489 437 1550; x_wconf 77' lang='lat' dir='ltr'><em>sermonibus</em></span> <span class='ocrx_word' id='word_1_87' title='bbox 454 1488 557 1568; x_wconf 84' lang='lat' dir='ltr'><em>quibus</em></span> <span class='ocrx_word' id='word_1_88' title='bbox 573 1489 723 1550; x_wconf 90' lang='lat' dir='ltr'><em>commoda</em></span> <span class='ocrx_word' id='word_1_89' title='bbox 738 1499 763 1550; x_wconf 93' lang='lat' dir='ltr'><em>et</em></span> <span class='ocrx_word' id='word_1_90' title='bbox 777 1489 960 1550; x_wconf 88' lang='lat' dir='ltr'><em>incommoda</em></span> <span class='ocrx_word' id='word_1_91' title='bbox 975 1487 1104 1549; x_wconf 89' lang='lat' dir='ltr'><em>coloniae</em></span> <span class='ocrx_word' id='word_1_92' title='bbox 1119 1478 1232 1568; x_wconf 82' lang='lat' dir='ltr'><em>uitaqrn</em></span> 
     </span>
    </p>
   </div>
   <div class='ocr_carea' id='block_1_4' title="bbox 122 1597 1234 1894">
    <p class='ocr_par' dir='ltr' id='par_1_5' title="bbox 122 1597 1234 1894">
     <span class='ocr_line' id='line_1_11' title="bbox 122 1597 1232 1678; baseline -0.002 -18"><span class='ocrx_word' id='word_1_93' title='bbox 122 1599 209 1678; x_wconf 85' lang='lat' dir='ltr'><em>orelqi</em></span> <span class='ocrx_word' id='word_1_94' title='bbox 220 1601 296 1660; x_wconf 91' lang='lat' dir='ltr'><em>inter</em></span> <span class='ocrx_word' id='word_1_95' title='bbox 311 1607 442 1658; x_wconf 89' lang='lat' dir='ltr'><em>cenantes</em></span> <span class='ocrx_word' id='word_1_96' title='bbox 455 1607 620 1667; x_wconf 86' lang='lat' dir='ltr'><em>versantur,</em></span> <span class='ocrx_word' id='word_1_97' title='bbox 632 1615 725 1676; x_wconf 90' lang='lat' dir='ltr'><em>poene</em></span> <span class='ocrx_word' id='word_1_98' title='bbox 739 1597 824 1658; x_wconf 92' lang='lat' dir='ltr'><em>nulla</em></span> <span class='ocrx_word' id='word_1_99' title='bbox 837 1598 871 1677; x_wconf 73' lang='lat' dir='ltr'><em>N</em></span> <span class='ocrx_word' id='word_1_100' title='bbox 885 1607 1067 1658; x_wconf 84' lang='lat' dir='ltr'><em>mercaturae</em></span> <span class='ocrx_word' id='word_1_101' title='bbox 1083 1615 1117 1658; x_wconf 91' lang='lat' dir='ltr'><em>ac</em></span> <span class='ocrx_word' id='word_1_102' title='bbox 1132 1615 1232 1659; x_wconf 88' lang='lat' dir='ltr'><em>rerum</em></span> 
     </span>
     <span class='ocr_line' id='line_1_12' title="bbox 122 1705 1231 1785; baseline -0.004 -15"><span class='ocrx_word' id='word_1_103' title='bbox 122 1712 313 1770; x_wconf 80' lang='lat' dir='ltr'><em>nauticorum</em></span> <span class='ocrx_word' id='word_1_104' title='bbox 328 1709 448 1778; x_wconf 85' lang='lat' dir='ltr'><em>mentio,</em></span> <span class='ocrx_word' id='word_1_105' title='bbox 464 1724 588 1785; x_wconf 89' lang='lat' dir='ltr'><em>quarum</em></span> <span class='ocrx_word' id='word_1_106' title='bbox 604 1706 763 1783; x_wconf 68' lang='lat' dir='ltr'><em>adfluentia</em></span> <span class='ocrx_word' id='word_1_107' title='bbox 776 1705 968 1767; x_wconf 88' lang='lat' dir='ltr'><em>Puteolanum</em></span> <span class='ocrx_word' id='word_1_108' title='bbox 983 1709 1145 1785; x_wconf 87' lang='lat' dir='ltr'><em>emporium</em></span> <span class='ocrx_word' id='word_1_109' title='bbox 1161 1707 1231 1768; x_wconf 87' lang='lat' dir='ltr'><em>ccle-</em></span> 
     </span>
     <span class='ocr_line' id='line_1_13' title="bbox 124 1813 1234 1894; baseline -0.003 -16"><span class='ocrx_word' id='word_1_110' title='bbox 124 1818 280 1879; x_wconf 81' lang='lat' dir='ltr'><em>lrolatur.</em></span> <span class='ocrx_word' id='word_1_111' title='bbox 313 1815 382 1876; x_wconf 84' lang='lat' dir='ltr'><em>leaeo</em></span> <span class='ocrx_word' id='word_1_112' title='bbox 409 1825 510 1876; x_wconf 87' lang='lat' dir='ltr'><em>contra</em></span> <span class='ocrx_word' id='word_1_113' title='bbox 530 1813 662 1876; x_wconf 88' lang='lat' dir='ltr'><em>Puteolos</em></span> <span class='ocrx_word' id='word_1_114' title='bbox 683 1825 829 1894; x_wconf 85' lang='lat' dir='ltr'><em>pupnant,</em></span> <span class='ocrx_word' id='word_1_115' title='bbox 855 1824 958 1875; x_wconf 89' lang='lat' dir='ltr'><em>contra</em></span> <span class='ocrx_word' id='word_1_116' title='bbox 979 1813 1131 1894; x_wconf 81' lang='lat' dir='ltr'><em>Neapolim</em></span> <span class='ocrx_word' id='word_1_117' title='bbox 1157 1815 1234 1876; x_wconf 89' lang='lat' dir='ltr'><em>illud</em></span> 
     </span>
    </p>
   </div>
   <div class='ocr_carea' id='block_1_5' title="bbox 31 1922 1233 2008">
    <p class='ocr_par' dir='ltr' id='par_1_6' title="bbox 31 1922 1233 2008">
     <span class='ocr_line' id='line_1_14' title="bbox 31 1922 1233 2008; baseline -0.004 -19"><span class='ocrx_word' id='word_1_118' title='bbox 31 1967 40 1980; x_wconf 87' lang='lat'><strong>·</strong></span> <span class='ocrx_word' id='word_1_119' title='bbox 123 1928 202 2008; x_wconf 83' lang='lat' dir='ltr'><em>qnod</em></span> <span class='ocrx_word' id='word_1_120' title='bbox 223 1927 256 1987; x_wconf 89' lang='lat' dir='ltr'><em>de</em></span> <span class='ocrx_word' id='word_1_121' title='bbox 275 1929 364 1986; x_wconf 85' lang='lat' dir='ltr'><em>initiis</em></span> <span class='ocrx_word' id='word_1_122' title='bbox 385 1928 445 1985; x_wconf 91' lang='lat' dir='ltr'><em>eius</em></span> <span class='ocrx_word' id='word_1_123' title='bbox 460 1923 589 1985; x_wconf 87' lang='lat' dir='ltr'><em>coloniae</em></span> <span class='ocrx_word' id='word_1_124' title='bbox 603 1935 629 1986; x_wconf 89' lang='lat' dir='ltr'><em>et</em></span> <span class='ocrx_word' id='word_1_125' title='bbox 644 1924 825 1984; x_wconf 82' lang='lat' dir='ltr'><em>ordinatiane</em></span> <span class='ocrx_word' id='word_1_126' title='bbox 841 1922 925 1984; x_wconf 90' lang='lat' dir='ltr'><em>nulla</em></span> <span class='ocrx_word' id='word_1_127' title='bbox 936 1923 1055 2002; x_wconf 91' lang='lat' dir='ltr'><em>predita</em></span> <span class='ocrx_word' id='word_1_128' title='bbox 1070 1933 1110 1984; x_wconf 88' lang='lat' dir='ltr'><em>est</em></span> <span class='ocrx_word' id='word_1_129' title='bbox 1123 1941 1233 1984; x_wconf 84' lang='lat' dir='ltr'><em>memo-</em></span> 
     </span>
    </p>
   </div>
   <div class='ocr_carea' id='block_1_6' title="bbox 123 2031 1232 2224">
    <p class='ocr_par' dir='ltr' id='par_1_7' title="bbox 123 2031 1232 2224">
     <span class='ocr_line' id='line_1_15' title="bbox 124 2031 1232 2114; baseline -0.004 -18"><span class='ocrx_word' id='word_1_130' title='bbox 124 2040 183 2096; x_wconf 87' lang='lat' dir='ltr'><em>ria.</em></span> <span class='ocrx_word' id='word_1_131' title='bbox 206 2037 300 2114; x_wconf 90' lang='lat' dir='ltr'><em>itaque</em></span> <span class='ocrx_word' id='word_1_132' title='bbox 317 2051 471 2094; x_wconf 84' lang='lat' dir='ltr'><em>caueamus</em></span> <span class='ocrx_word' id='word_1_133' title='bbox 487 2042 598 2112; x_wconf 90' lang='lat' dir='ltr'><em>oportet</em></span> <span class='ocrx_word' id='word_1_134' title='bbox 611 2051 646 2092; x_wconf 89' lang='lat' dir='ltr'><em>nc</em></span> <span class='ocrx_word' id='word_1_135' title='bbox 658 2033 819 2094; x_wconf 83' lang='lat' dir='ltr'><em>arbitrario</em></span> <span class='ocrx_word' id='word_1_136' title='bbox 830 2033 938 2094; x_wconf 89' lang='lat' dir='ltr'><em>iudicio</em></span> <span class='ocrx_word' id='word_1_137' title='bbox 948 2035 1132 2112; x_wconf 88' lang='lat' dir='ltr'><em>interpretati</em></span> <span class='ocrx_word' id='word_1_138' title='bbox 1142 2031 1232 2094; x_wconf 83' lang='lat' dir='ltr'><em>verba</em></span> 
     </span>
     <span class='ocr_line' id='line_1_16' title="bbox 123 2140 1232 2224; baseline -0.005 -18"><span class='ocrx_word' id='word_1_139' title='bbox 123 2147 278 2224; x_wconf 89' lang='lat' dir='ltr'><em>scriptoris</em></span> <span class='ocrx_word' id='word_1_140' title='bbox 292 2146 342 2222; x_wconf 89' lang='lat' dir='ltr'><em>qui</em></span> <span class='ocrx_word' id='word_1_141' title='bbox 354 2144 478 2222; x_wconf 77' lang='lat' dir='ltr'><em>fortasse</em></span> <span class='ocrx_word' id='word_1_142' title='bbox 492 2159 583 2202; x_wconf 92' lang='lat' dir='ltr'><em>uuam</em></span> <span class='ocrx_word' id='word_1_143' title='bbox 598 2152 623 2201; x_wconf 89' lang='lat' dir='ltr'><em>et</em></span> <span class='ocrx_word' id='word_1_144' title='bbox 637 2142 758 2202; x_wconf 89' lang='lat' dir='ltr'><em>eandem</em></span> <span class='ocrx_word' id='word_1_145' title='bbox 774 2140 916 2202; x_wconf 90' lang='lat' dir='ltr'><em>coloniam</em></span> <span class='ocrx_word' id='word_1_146' title='bbox 931 2158 967 2200; x_wconf 91' lang='lat' dir='ltr'><em>ne</em></span> <span class='ocrx_word' id='word_1_147' title='bbox 977 2143 1037 2220; x_wconf 87' lang='lat' dir='ltr'><em>ipsc</em></span> <span class='ocrx_word' id='word_1_148' title='bbox 1049 2141 1162 2220; x_wconf 86' lang='lat' dir='ltr'><em>quidem</em></span> <span class='ocrx_word' id='word_1_149' title='bbox 1172 2151 1232 2201; x_wconf 87' lang='lat' dir='ltr'><em>sta-</em></span> 
     </span>
    </p>
   </div>
   <div class='ocr_carea' id='block_1_7' title="bbox 124 2247 1337 2332">
    <p class='ocr_par' dir='ltr' id='par_1_8' title="bbox 124 2247 1337 2332">
     <span class='ocr_line' id='line_1_17' title="bbox 124 2247 1337 2332; baseline -0.005 -16"><span class='ocrx_word' id='word_1_150' title='bbox 124 2264 231 2324; x_wconf 85' lang='lat' dir='ltr'><em>tuerat,</em></span> <span class='ocrx_word' id='word_1_151' title='bbox 243 2261 430 2332; x_wconf 83' lang='lat' dir='ltr'><em>praepostere</em></span> <span class='ocrx_word' id='word_1_152' title='bbox 445 2267 498 2311; x_wconf 89' lang='lat' dir='ltr'><em>nas</em></span> <span class='ocrx_word' id='word_1_153' title='bbox 510 2249 634 2310; x_wconf 89' lang='lat' dir='ltr'><em>alteram</em></span> <span class='ocrx_word' id='word_1_154' title='bbox 644 2261 743 2311; x_wconf 85' lang='lat' dir='ltr'><em>utram</em></span> <span class='ocrx_word' id='word_1_155' title='bbox 756 2253 952 2311; x_wconf 90' lang='lat' dir='ltr'><em>decernamus.</em></span> <span class='ocrx_word' id='word_1_156' title='bbox 984 2249 1062 2310; x_wconf 86' lang='lat' dir='ltr'><em>velut</em></span> <span class='ocrx_word' id='word_1_157' title='bbox 1071 2247 1234 2310; x_wconf 83' lang='lat' dir='ltr'><em>ludovicus</em></span> <span class='ocrx_word' id='word_1_158' title='bbox 1335 2325 1337 2329; x_wconf 19' lang='grc' dir='ltr'>ι</span> 
     </span>
    </p>
   </div>
   <div class='ocr_carea' id='block_1_8' title="bbox 119 2355 1237 3527">
    <p class='ocr_par' dir='ltr' id='par_1_9' title="bbox 119 2355 1237 3527">
     <span class='ocr_line' id='line_1_18' title="bbox 123 2355 1234 2439; baseline -0.005 -16"><span class='ocrx_word' id='word_1_159' title='bbox 123 2361 369 2424; x_wconf 85' lang='lat' dir='ltr'><em>Friedlaenderus</em></span> <span class='ocrx_word' id='word_1_160' title='bbox 388 2363 419 2421; x_wconf 92' lang='lat' dir='ltr'><em>in</em></span> <span class='ocrx_word' id='word_1_161' title='bbox 437 2360 621 2439; x_wconf 69' lang='lat' dir='ltr'><em>praetutium</em></span> <span class='ocrx_word' id='word_1_162' title='bbox 635 2359 739 2420; x_wconf 87' lang='lat' dir='ltr'><em>iudicis</em></span> <span class='ocrx_word' id='word_1_163' title='bbox 753 2357 920 2420; x_wconf 77' lang='lat' dir='ltr'><em>scholarum</em></span> <span class='ocrx_word' id='word_1_164' title='bbox 934 2355 1234 2437; x_wconf 82' lang='lat' dir='ltr'><em>Neqiomontanarum</em></span> 
     </span>
     <span class='ocr_line' id='line_1_19' title="bbox 124 2466 1232 2546; baseline -0.004 -14"><span class='ocrx_word' id='word_1_165' title='bbox 124 2471 227 2532; x_wconf 83' lang='lat' dir='ltr'><em>loiemis</em></span> <span class='ocrx_word' id='word_1_166' title='bbox 247 2473 320 2530; x_wconf 90' lang='lat' dir='ltr'><em>anni</em></span> <span class='ocrx_word' id='word_1_167' title='bbox 338 2466 422 2528; x_wconf 80' lang='lat'><em>1860</em></span> <span class='ocrx_word' id='word_1_168' title='bbox 443 2469 590 2546; x_wconf 88' lang='lat' dir='ltr'><em>desiquari</em></span> <span class='ocrx_word' id='word_1_169' title='bbox 603 2466 735 2529; x_wconf 87' lang='lat' dir='ltr'><em>Puteolos</em></span> <span class='ocrx_word' id='word_1_170' title='bbox 756 2467 894 2529; x_wconf 82' lang='lat' dir='ltr'><em>conclusit</em></span> <span class='ocrx_word' id='word_1_171' title='bbox 912 2485 950 2528; x_wconf 78' lang='lat' dir='ltr'><em>eos</em></span> <span class='ocrx_word' id='word_1_172' title='bbox 970 2467 1105 2546; x_wconf 83' lang='lat' dir='ltr'><em>oiqilibus</em></span> <span class='ocrx_word' id='word_1_173' title='bbox 1122 2470 1165 2546; x_wconf 88' lang='lat' dir='ltr'><em>(p.</em></span> <span class='ocrx_word' id='word_1_174' title='bbox 1182 2466 1232 2538; x_wconf 85' lang='lat'><em>92,</em></span> 
     </span>
     <span class='ocr_line' id='line_1_20' title="bbox 130 2573 1234 2659; baseline -0.005 -19"><span class='ocrx_word' id='word_1_175' title='bbox 130 2579 181 2653; x_wconf 61' lang='lat'><em>18)</em></span> <span class='ocrx_word' id='word_1_176' title='bbox 194 2580 268 2659; x_wconf 91' lang='lat' dir='ltr'><em>quod</em></span> <span class='ocrx_word' id='word_1_177' title='bbox 279 2597 368 2657; x_wconf 85' lang='lat' dir='ltr'><em>penus</em></span> <span class='ocrx_word' id='word_1_178' title='bbox 379 2577 497 2637; x_wconf 86' lang='lat' dir='ltr'><em>militiae</em></span> <span class='ocrx_word' id='word_1_179' title='bbox 510 2575 646 2655; x_wconf 89' lang='lat' dir='ltr'><em>Neapolis</em></span> <span class='ocrx_word' id='word_1_180' title='bbox 662 2594 721 2636; x_wconf 93' lang='lat' dir='ltr'><em>nou</em></span> <span class='ocrx_word' id='word_1_181' title='bbox 737 2577 885 2637; x_wconf 84' lang='lat' dir='ltr'><em>videretur</em></span> <span class='ocrx_word' id='word_1_182' title='bbox 897 2575 1038 2636; x_wconf 78' lang='lat' dir='ltr'><em>delinisse.</em></span> <span class='ocrx_word' id='word_1_183' title='bbox 1065 2573 1140 2636; x_wconf 87' lang='lat' dir='ltr'><em>uiloil</em></span> <span class='ocrx_word' id='word_1_184' title='bbox 1157 2577 1234 2634; x_wconf 88' lang='lat' dir='ltr'><em>mim</em></span> 
     </span>
     <span class='ocr_line' id='line_1_21' title="bbox 128 2682 1234 2766; baseline -0.004 -18"><span class='ocrx_word' id='word_1_185' title='bbox 128 2706 198 2748; x_wconf 82' lang='lat' dir='ltr'><em>aare</em></span> <span class='ocrx_word' id='word_1_186' title='bbox 217 2691 289 2766; x_wconf 84' lang='lat' dir='ltr'><em>capit</em></span> <span class='ocrx_word' id='word_1_187' title='bbox 305 2697 337 2747; x_wconf 91' lang='lat' dir='ltr'><em>nt</em></span> <span class='ocrx_word' id='word_1_188' title='bbox 355 2689 386 2746; x_wconf 93' lang='lat' dir='ltr'><em>in</em></span> <span class='ocrx_word' id='word_1_189' title='bbox 405 2685 463 2746; x_wconf 88' lang='lat' dir='ltr'><em>illis</em></span> <span class='ocrx_word' id='word_1_190' title='bbox 481 2685 609 2744; x_wconf 88' lang='lat' dir='ltr'><em>militari</em></span> <span class='ocrx_word' id='word_1_191' title='bbox 621 2703 701 2745; x_wconf 89' lang='lat' dir='ltr'><em>mare</em></span> <span class='ocrx_word' id='word_1_192' title='bbox 717 2687 858 2746; x_wconf 76' lang='lat' dir='ltr'><em>institutas</em></span> <span class='ocrx_word' id='word_1_193' title='bbox 875 2684 910 2744; x_wconf 83' lang='lat' dir='ltr'><em>ab</em></span> <span class='ocrx_word' id='word_1_194' title='bbox 927 2683 1053 2762; x_wconf 77' lang='lat' dir='ltr'><em>Auqnsta</em></span> <span class='ocrx_word' id='word_1_195' title='bbox 1068 2682 1170 2762; x_wconf 88' lang='lat' dir='ltr'><em>oiqiles</em></span> <span class='ocrx_word' id='word_1_196' title='bbox 1185 2701 1234 2744; x_wconf 87' lang='lat' dir='ltr'><em>re-</em></span> 
     </span>
     <span class='ocr_line' id='line_1_22' title="bbox 124 2790 1235 2877; baseline -0.005 -19"><span class='ocrx_word' id='word_1_197' title='bbox 124 2800 200 2877; x_wconf 85' lang='lat' dir='ltr'><em>spici</em></span> <span class='ocrx_word' id='word_1_198' title='bbox 223 2797 384 2857; x_wconf 88' lang='lat' dir='ltr'><em>eredamus.</em></span> <span class='ocrx_word' id='word_1_199' title='bbox 429 2811 524 2854; x_wconf 85' lang='lat' dir='ltr'><em>nonne</em></span> <span class='ocrx_word' id='word_1_200' title='bbox 544 2792 761 2873; x_wconf 75' lang='lat' dir='ltr'><em>Amphitruonis</em></span> <span class='ocrx_word' id='word_1_201' title='bbox 780 2802 882 2863; x_wconf 84' lang='lat' dir='ltr'><em>aetate,</em></span> <span class='ocrx_word' id='word_1_202' title='bbox 904 2796 929 2852; x_wconf 92' lang='lat' dir='ltr'><em>si</em></span> <span class='ocrx_word' id='word_1_203' title='bbox 947 2791 1112 2870; x_wconf 75' lang='lat' dir='ltr'><em>displosa,</em></span> <span class='ocrx_word' id='word_1_204' title='bbox 1136 2790 1235 2852; x_wconf 81' lang='lat' dir='ltr'><em>Tloelris</em></span> 
     </span>
     <span class='ocr_line' id='line_1_23' title="bbox 119 2893 1237 2982; baseline -0.005 -16"><span class='ocrx_word' id='word_1_205' title='bbox 119 2899 190 2966; x_wconf 83' lang='lat' dir='ltr'><em>‘rea</em></span> <span class='ocrx_word' id='word_1_206' title='bbox 206 2904 278 2966; x_wconf 85' lang='lat' dir='ltr'><em>Creo</em></span> <span class='ocrx_word' id='word_1_207' title='bbox 294 2903 393 2982; x_wconf 89' lang='lat' dir='ltr'><em>oiqiles</em></span> <span class='ocrx_word' id='word_1_208' title='bbox 408 2913 565 2964; x_wconf 91' lang='lat' dir='ltr'><em>nocturnos</em></span> <span class='ocrx_word' id='word_1_209' title='bbox 580 2901 708 2980; x_wconf 86' lang='lat' dir='ltr'><em>sinpulos</em></span> <span class='ocrx_word' id='word_1_210' title='bbox 723 2920 835 2982; x_wconf 87' lang='lat' dir='ltr'><em>semper</em></span> <span class='ocrx_word' id='word_1_211' title='bbox 851 2893 962 2962; x_wconf 78' lang='lat' dir='ltr'><em>locat&#39;P</em></span> <span class='ocrx_word' id='word_1_212' title='bbox 976 2919 1072 2962; x_wconf 91' lang='lat' dir='ltr'><em>nonne</em></span> <span class='ocrx_word' id='word_1_213' title='bbox 1088 2899 1237 2979; x_wconf 80' lang='lat' dir='ltr'><em>Aqriqueti</em></span> 
     </span>
     <span class='ocr_line' id='line_1_24' title="bbox 124 3005 1234 3091; baseline -0.005 -16"><span class='ocrx_word' id='word_1_214' title='bbox 124 3033 192 3075; x_wconf 79' lang='lat' dir='ltr'><em>mem</em></span> <span class='ocrx_word' id='word_1_215' title='bbox 204 3012 307 3074; x_wconf 81' lang='lat' dir='ltr'><em>Verres</em></span> <span class='ocrx_word' id='word_1_216' title='bbox 321 3011 459 3091; x_wconf 91' lang='lat' dir='ltr'><em>templum</em></span> <span class='ocrx_word' id='word_1_217' title='bbox 469 3011 624 3090; x_wconf 87' lang='lat' dir='ltr'><em>spoliatum</em></span> <span class='ocrx_word' id='word_1_218' title='bbox 635 3015 698 3084; x_wconf 88' lang='lat' dir='ltr'><em>iret,</em></span> <span class='ocrx_word' id='word_1_219' title='bbox 714 3011 814 3090; x_wconf 90' lang='lat' dir='ltr'><em>oiqiles</em></span> <span class='ocrx_word' id='word_1_220' title='bbox 824 3013 944 3091; x_wconf 83' lang='lat' dir='ltr'><em>fanique</em></span> <span class='ocrx_word' id='word_1_221' title='bbox 957 3010 1084 3072; x_wconf 88' lang='lat' dir='ltr'><em>custodes</em></span> <span class='ocrx_word' id='word_1_222' title='bbox 1095 3005 1234 3071; x_wconf 73' lang='lat' dir='ltr'><em>sustulere</em></span> 
     </span>
     <span class='ocr_line' id='line_1_25' title="bbox 124 3103 1236 3199; baseline -0.004 -16"><span class='ocrx_word' id='word_1_223' title='bbox 124 3103 306 3184; x_wconf 72' lang='lat' dir='ltr'><em>clamorem?</em></span> <span class='ocrx_word' id='word_1_224' title='bbox 320 3138 416 3180; x_wconf 87' lang='lat' dir='ltr'><em>noune</em></span> <span class='ocrx_word' id='word_1_225' title='bbox 431 3117 541 3181; x_wconf 83' lang='lat' dir='ltr'><em>Romae</em></span> <span class='ocrx_word' id='word_1_226' title='bbox 556 3129 620 3180; x_wconf 88' lang='lat' dir='ltr'><em>ante</em></span> <span class='ocrx_word' id='word_1_227' title='bbox 636 3118 795 3199; x_wconf 80' lang='lat' dir='ltr'><em>Auqustum</em></span> <span class='ocrx_word' id='word_1_228' title='bbox 810 3123 943 3182; x_wconf 81' lang='lat' dir='ltr'><em>tresviri</em></span> <span class='ocrx_word' id='word_1_229' title='bbox 952 3122 1090 3181; x_wconf 88' lang='lat' dir='ltr'><em>nocturni</em></span> <span class='ocrx_word' id='word_1_230' title='bbox 1100 3117 1236 3198; x_wconf 82' lang='lat' dir='ltr'><em>eiqililous</em></span> 
     </span>
     <span class='ocr_line' id='line_1_26' title="bbox 122 3226 1236 3310; baseline -0.004 -18"><span class='ocrx_word' id='word_1_231' title='bbox 122 3241 151 3292; x_wconf 90' lang='lat' dir='ltr'><em>et</em></span> <span class='ocrx_word' id='word_1_232' title='bbox 165 3229 273 3310; x_wconf 86' lang='lat' dir='ltr'><em>oiqiliis</em></span> <span class='ocrx_word' id='word_1_233' title='bbox 284 3226 466 3310; x_wconf 69' lang='lat' dir='ltr'><em>praeerant?</em></span> <span class='ocrx_word' id='word_1_234' title='bbox 484 3232 579 3307; x_wconf 89' lang='lat' dir='ltr'><em>itaque</em></span> <span class='ocrx_word' id='word_1_235' title='bbox 595 3227 698 3289; x_wconf 83' lang='lat' dir='ltr'><em>colors</em></span> <span class='ocrx_word' id='word_1_236' title='bbox 712 3228 833 3308; x_wconf 86' lang='lat' dir='ltr'><em>uiqilum</em></span> <span class='ocrx_word' id='word_1_237' title='bbox 849 3229 940 3308; x_wconf 76' lang='lat' dir='ltr'><em>defuit</em></span> <span class='ocrx_word' id='word_1_238' title='bbox 953 3227 1090 3307; x_wconf 90' lang='lat' dir='ltr'><em>Neapoli,</em></span> <span class='ocrx_word' id='word_1_239' title='bbox 1112 3228 1236 3307; x_wconf 77' lang='lat' dir='ltr'><em>defuisse</em></span> 
     </span>
     <span class='ocr_line' id='line_1_27' title="bbox 123 3336 1236 3419; baseline -0.004 -19"><span class='ocrx_word' id='word_1_240' title='bbox 123 3339 226 3419; x_wconf 86' lang='lat' dir='ltr'><em>viqiles</em></span> <span class='ocrx_word' id='word_1_241' title='bbox 246 3342 296 3419; x_wconf 90' lang='lat' dir='ltr'><em>qui</em></span> <span class='ocrx_word' id='word_1_242' title='bbox 312 3349 398 3399; x_wconf 92' lang='lat' dir='ltr'><em>noctu</em></span> <span class='ocrx_word' id='word_1_243' title='bbox 417 3340 563 3416; x_wconf 87' lang='lat' dir='ltr'><em>reqionem</em></span> <span class='ocrx_word' id='word_1_244' title='bbox 585 3338 760 3400; x_wconf 87' lang='lat' dir='ltr'><em>custodirent</em></span> <span class='ocrx_word' id='word_1_245' title='bbox 782 3336 1009 3398; x_wconf 76' lang='lat' dir='ltr'><em>&#39;inhibendorum</em></span> <span class='ocrx_word' id='word_1_246' title='bbox 1034 3336 1236 3397; x_wconf 82' lang='lat' dir='ltr'><em>incendiorum</em></span> 
     </span>
     <span class='ocr_line' id='line_1_28' title="bbox 124 3446 755 3527; baseline -0.008 -17"><span class='ocrx_word' id='word_1_247' title='bbox 124 3467 230 3510; x_wconf 91' lang='lat' dir='ltr'><em>caussa</em></span> <span class='ocrx_word' id='word_1_248' title='bbox 244 3449 438 3527; x_wconf 83' lang='lat' dir='ltr'><em>frequmtiori</em></span> <span class='ocrx_word' id='word_1_249' title='bbox 450 3446 522 3508; x_wconf 85' lang='lat' dir='ltr'><em>urbi</em></span> <span class='ocrx_word' id='word_1_250' title='bbox 536 3449 661 3525; x_wconf 88' lang='lat' dir='ltr'><em>cuipiam</em></span> <span class='ocrx_word' id='word_1_251' title='bbox 676 3465 755 3525; x_wconf 83' lang='lat' dir='ltr'><em>nequ.</em></span> 
     </span>
    </p>
   </div>
   <div class='ocr_carea' id='block_1_9' title="bbox 211 3553 1340 3649">
    <p class='ocr_par' dir='ltr' id='par_1_10' title="bbox 211 3553 1340 3649">
     <span class='ocr_line' id='line_1_29' title="bbox 211 3553 1340 3649; baseline -0.003 -32"><span class='ocrx_word' id='word_1_252' title='bbox 211 3556 284 3617; x_wconf 90' lang='lat' dir='ltr'><em>Cum</em></span> <span class='ocrx_word' id='word_1_253' title='bbox 298 3559 388 3617; x_wconf 89' lang='lat' dir='ltr'><em>uitam</em></span> <span class='ocrx_word' id='word_1_254' title='bbox 402 3555 487 3616; x_wconf 81' lang='lat' dir='ltr'><em>nolis</em></span> <span class='ocrx_word' id='word_1_255' title='bbox 500 3555 553 3616; x_wconf 86' lang='lat' dir='ltr'><em>leae</em></span> <span class='ocrx_word' id='word_1_256' title='bbox 568 3558 675 3616; x_wconf 90' lang='lat' dir='ltr'><em>satirae</em></span> <span class='ocrx_word' id='word_1_257' title='bbox 687 3563 856 3634; x_wconf 90' lang='lat' dir='ltr'><em>proponant</em></span> <span class='ocrx_word' id='word_1_258' title='bbox 866 3553 941 3614; x_wconf 80' lang='lat' dir='ltr'><em>lucu</em></span> <span class='ocrx_word' id='word_1_259' title='bbox 952 3562 1035 3632; x_wconf 89' lang='lat' dir='ltr'><em>atque</em></span> <span class='ocrx_word' id='word_1_260' title='bbox 1047 3553 1156 3614; x_wconf 91' lang='lat' dir='ltr'><em>desidia</em></span> <span class='ocrx_word' id='word_1_261' title='bbox 1167 3569 1236 3649; x_wconf 75' lang='lat' dir='ltr'><em>por·</em></span> <span class='ocrx_word' id='word_1_262' title='bbox 1335 3601 1340 3606; x_wconf 93' lang='lat'>.</span> 
     </span>
    </p>
   </div>
   <div class='ocr_carea' id='block_1_10' title="bbox 123 3663 1322 4402">
    <p class='ocr_par' dir='ltr' id='par_1_11' title="bbox 123 3663 1322 4402">
     <span class='ocr_line' id='line_1_30' title="bbox 123 3663 1322 3748; baseline -0.003 -20"><span class='ocrx_word' id='word_1_263' title='bbox 123 3677 243 3748; x_wconf 87' lang='lat' dir='ltr'><em>ruptam</em></span> <span class='ocrx_word' id='word_1_264' title='bbox 267 3676 294 3727; x_wconf 89' lang='lat' dir='ltr'><em>et</em></span> <span class='ocrx_word' id='word_1_265' title='bbox 317 3668 447 3726; x_wconf 91' lang='lat' dir='ltr'><em>animum</em></span> <span class='ocrx_word' id='word_1_266' title='bbox 471 3667 502 3725; x_wconf 92' lang='lat' dir='ltr'><em>iu</em></span> <span class='ocrx_word' id='word_1_267' title='bbox 527 3667 689 3725; x_wconf 84' lang='lat' dir='ltr'><em>iuuerotiaue</em></span> <span class='ocrx_word' id='word_1_268' title='bbox 710 3663 863 3724; x_wconf 79' lang='lat' dir='ltr'><em>libidinum</em></span> <span class='ocrx_word' id='word_1_269' title='bbox 881 3664 1077 3742; x_wconf 80' lang='lat' dir='ltr'><em>memoriaque</em></span> <span class='ocrx_word' id='word_1_270' title='bbox 1098 3663 1236 3743; x_wconf 59' lang='lat' dir='ltr'><em>defluum,</em></span> <span class='ocrx_word' id='word_1_271' title='bbox 1314 3681 1322 3692; x_wconf 54' lang='lat'>³</span> 
     </span>
     <span class='ocr_line' id='line_1_31' title="bbox 123 3772 1235 3852; baseline -0.002 -16"><span class='ocrx_word' id='word_1_272' title='bbox 123 3787 186 3836; x_wconf 92' lang='lat' dir='ltr'><em>tum</em></span> <span class='ocrx_word' id='word_1_273' title='bbox 201 3792 345 3836; x_wconf 90' lang='lat' dir='ltr'><em>summam</em></span> <span class='ocrx_word' id='word_1_274' title='bbox 366 3783 507 3834; x_wconf 90' lang='lat' dir='ltr'><em>ostentant</em></span> <span class='ocrx_word' id='word_1_275' title='bbox 522 3783 604 3852; x_wconf 88' lang='lat' dir='ltr'><em>atque</em></span> <span class='ocrx_word' id='word_1_276' title='bbox 620 3775 736 3833; x_wconf 89' lang='lat' dir='ltr'><em>variam</em></span> <span class='ocrx_word' id='word_1_277' title='bbox 753 3773 942 3833; x_wconf 89' lang='lat' dir='ltr'><em>eruditionem</em></span> <span class='ocrx_word' id='word_1_278' title='bbox 957 3783 984 3834; x_wconf 88' lang='lat' dir='ltr'><em>et</em></span> <span class='ocrx_word' id='word_1_279' title='bbox 997 3774 1107 3851; x_wconf 88' lang='lat' dir='ltr'><em>inqeuii</em></span> <span class='ocrx_word' id='word_1_280' title='bbox 1119 3772 1235 3852; x_wconf 83' lang='lat' dir='ltr'><em>elepan-</em></span> 
     </span>
     <span class='ocr_line' id='line_1_32' title="bbox 124 3881 1235 3961; baseline -0.002 -17"><span class='ocrx_word' id='word_1_281' title='bbox 124 3888 204 3945; x_wconf 86' lang='lat' dir='ltr'><em>tiom.</em></span> <span class='ocrx_word' id='word_1_282' title='bbox 236 3887 345 3944; x_wconf 90' lang='lat' dir='ltr'><em>artium</em></span> <span class='ocrx_word' id='word_1_283' title='bbox 366 3881 546 3942; x_wconf 86' lang='lat' dir='ltr'><em>Graecarum</em></span> <span class='ocrx_word' id='word_1_284' title='bbox 569 3883 681 3960; x_wconf 86' lang='lat' dir='ltr'><em>peritus</em></span> <span class='ocrx_word' id='word_1_285' title='bbox 701 3891 855 3961; x_wconf 85' lang='lat' dir='ltr'><em>spectator,</em></span> <span class='ocrx_word' id='word_1_286' title='bbox 882 3881 1046 3960; x_wconf 87' lang='lat' dir='ltr'><em>intelleqeus</em></span> <span class='ocrx_word' id='word_1_287' title='bbox 1072 3882 1235 3942; x_wconf 90' lang='lat' dir='ltr'><em>studiorum</em></span> 
     </span>
     <span class='ocr_line' id='line_1_33' title="bbox 124 3985 1232 4071; baseline -0.003 -18"><span class='ocrx_word' id='word_1_288' title='bbox 124 3991 293 4053; x_wconf 80' lang='lat' dir='ltr'><em>liberalium</em></span> <span class='ocrx_word' id='word_1_289' title='bbox 311 3985 493 4052; x_wconf 84' lang='lat' dir='ltr'><em>em&#39;stimaior</em></span> <span class='ocrx_word' id='word_1_290' title='bbox 505 3993 662 4071; x_wconf 88' lang='lat' dir='ltr'><em>praecipue</em></span> <span class='ocrx_word' id='word_1_291' title='bbox 678 3993 853 4052; x_wconf 83' lang='lat' dir='ltr'><em>comoediam</em></span> <span class='ocrx_word' id='word_1_292' title='bbox 868 4009 976 4052; x_wconf 87' lang='lat' dir='ltr'><em>novam</em></span> <span class='ocrx_word' id='word_1_293' title='bbox 991 4001 1017 4050; x_wconf 91' lang='lat' dir='ltr'><em>et</em></span> <span class='ocrx_word' id='word_1_294' title='bbox 1031 3989 1232 4070; x_wconf 87' lang='lat' dir='ltr'><em>Peripatetica-</em></span> 
     </span>
     <span class='ocr_line' id='line_1_34' title="bbox 125 4098 1234 4179; baseline -0.003 -19"><span class='ocrx_word' id='word_1_295' title='bbox 125 4121 193 4162; x_wconf 89' lang='lat' dir='ltr'><em>rum</em></span> <span class='ocrx_word' id='word_1_296' title='bbox 212 4101 279 4162; x_wconf 90' lang='lat' dir='ltr'><em>illos</em></span> <span class='ocrx_word' id='word_1_297' title='bbox 298 4100 389 4161; x_wconf 84' lang='lat' dir='ltr'><em>libras</em></span> <span class='ocrx_word' id='word_1_298' title='bbox 408 4101 522 4160; x_wconf 86' lang='lat' dir='ltr'><em>videtur</em></span> <span class='ocrx_word' id='word_1_299' title='bbox 542 4108 679 4160; x_wconf 88' lang='lat' dir='ltr'><em>tractasse</em></span> <span class='ocrx_word' id='word_1_300' title='bbox 701 4101 803 4179; x_wconf 84' lang='lat' dir='ltr'><em>quibus</em></span> <span class='ocrx_word' id='word_1_301' title='bbox 818 4117 913 4160; x_wconf 89' lang='lat' dir='ltr'><em>mares</em></span> <span class='ocrx_word' id='word_1_302' title='bbox 927 4098 1077 4160; x_wconf 84' lang='lat' dir='ltr'><em>leemiuum</em></span> <span class='ocrx_word' id='word_1_303' title='bbox 1093 4099 1234 4160; x_wconf 76' lang='lat' dir='ltr'><em>describe-</em></span> 
     </span>
     <span class='ocr_line' id='line_1_35' title="bbox 126 4193 1234 4289; baseline -0.005 -17"><span class='ocrx_word' id='word_1_304' title='bbox 126 4211 247 4280; x_wconf 83' lang='lat' dir='ltr'><em>bantur,</em></span> <span class='ocrx_word' id='word_1_305' title='bbox 264 4219 347 4289; x_wconf 85' lang='lat' dir='ltr'><em>atque</em></span> <span class='ocrx_word' id='word_1_306' title='bbox 362 4227 409 4268; x_wconf 91' lang='lat' dir='ltr'><em>res</em></span> <span class='ocrx_word' id='word_1_307' title='bbox 423 4208 586 4288; x_wconf 86' lang='lat' dir='ltr'><em>sinqulares</em></span> <span class='ocrx_word' id='word_1_308' title='bbox 600 4208 762 4288; x_wconf 88' lang='lat' dir='ltr'><em>permultae</em></span> <span class='ocrx_word' id='word_1_309' title='bbox 777 4212 808 4269; x_wconf 94' lang='lat' dir='ltr'><em>iu</em></span> <span class='ocrx_word' id='word_1_310' title='bbox 826 4193 1017 4269; x_wconf 82' lang='lat' dir='ltr'><em>Trimalciane</em></span> <span class='ocrx_word' id='word_1_311' title='bbox 1033 4211 1149 4286; x_wconf 83' lang='lat' dir='ltr'><em>eiusque</em></span> <span class='ocrx_word' id='word_1_312' title='bbox 1164 4223 1234 4267; x_wconf 92' lang='lat' dir='ltr'><em>con-</em></span> 
     </span>
     <span class='ocr_line' id='line_1_36' title="bbox 126 4313 1321 4402; baseline -0.003 -22"><span class='ocrx_word' id='word_1_313' title='bbox 126 4322 199 4381; x_wconf 88' lang='lat' dir='ltr'><em>oiais</em></span> <span class='ocrx_word' id='word_1_314' title='bbox 213 4329 328 4380; x_wconf 89' lang='lat' dir='ltr'><em>notatae</em></span> <span class='ocrx_word' id='word_1_315' title='bbox 339 4336 432 4398; x_wconf 88' lang='lat' dir='ltr'><em>poem</em></span> <span class='ocrx_word' id='word_1_316' title='bbox 448 4318 485 4378; x_wconf 90' lang='lat' dir='ltr'><em>ad</em></span> <span class='ocrx_word' id='word_1_317' title='bbox 500 4315 621 4378; x_wconf 81' lang='lat' dir='ltr'><em>serlum</em></span> <span class='ocrx_word' id='word_1_318' title='bbox 635 4313 841 4402; x_wconf 82' lang='grc' dir='ltr'><strong><em>χαρακτῆρας</em></strong></span> <span class='ocrx_word' id='word_1_319' title='bbox 856 4319 1009 4378; x_wconf 89' lang='lat' dir='ltr'><em>imitentur</em></span> <span class='ocrx_word' id='word_1_320' title='bbox 1026 4313 1233 4396; x_wconf 81' lang='lat' dir='ltr'><em>Tleeoplrasuo</em></span> <span class='ocrx_word' id='word_1_321' title='bbox 1316 4369 1321 4376; x_wconf 90' lang='lat'><em>.</em></span> 
     </span>
    </p>
   </div>
   <div class='ocr_carea' id='block_1_11' title="bbox 0 0 1515 4962">
    <p class='ocr_par' dir='ltr' id='par_1_12' title="bbox 0 0 1515 4962">
     <span class='ocr_line' id='line_1_37' title="bbox 0 0 1515 4962; baseline 0 0"><span class='ocrx_word' id='word_1_322' title='bbox 0 0 1515 4962; x_wconf 95' lang='lat' dir='ltr'><em> </em></span> 
     </span>
    </p>
   </div>
  </div>
 </body>
</html>
