3008 4962
286 431 327 496 28
760 429 916 484 enrnonn

284 584 490 668 speculabatur
506 583 662 666 diligentia.
684 605 731 648 me
745 603 862 666 quoque
877 586 913 648 ad
928 585 1006 649 idem
1020 589 1218 668 spectaculum
1233 589 1314 652 lenta
1329 599 1429 652 ma-te

284 705 324 748 nu
344 685 444 757 traxit,
465 691 493 746 et
512 683 580 764 quia
600 684 848 746 considerantium
869 686 1060 748 cohaeserant
1079 687 1188 762 vultus,
1214 689 1357 768 quidquid
1377 708 1391 750 a

284 784 450 866 spectaculo
465 783 596 856 vacabat,
612 783 817 845 commovebat
832 783 926 845 obiter
940 783 1021 846 labra
1035 793 1065 847 et
1080 803 1127 845 me
1140 792 1294 866 tamquam
1310 788 1392 849 mm-

283 884 327 946 vis
343 883 467 945 subinde
482 881 592 944 neentis
606 880 775 943 verberabat
832 965 852 1008 *

340 1035 353 1123 ΙΙ
369 1039 470 1102 abiecti
485 1039 516 1100 in
531 1039 611 1101 lectis
627 1039 691 1101 sine
705 1045 785 1099 metu
799 1036 939 1119 reliquam
956 1039 1106 1120 exegimus
1121 1049 1240 1104 noctem
1403 1061 1420 1111 t

833 1144 852 1187 a

196 1341 205 1359 ,
342 1271 354 1359 ss
370 1281 488 1334 venerat
507 1272 565 1334 iam
586 1271 688 1333 tertius
709 1271 786 1344 dies,
807 1270 835 1332 id
858 1279 904 1332 eet
923 1274 1084 1352 expectatio
1100 1273 1207 1336 liberae
1223 1293 1329 1350 cenae,
1348 1275 1422 1336 seda

204 1364 232 1419 *l
285 1379 330 1435 tot
349 1371 519 1433 vulneribus
539 1370 686 1432 confossis
706 1370 774 1450 iuga
795 1370 889 1449 magis
909 1369 1053 1450 placebat,
1070 1391 1157 1451 quam
1175 1373 1268 1452 quies.
1301 1375 1395 1454 itaque

286 1489 352 1533 eum
372 1471 475 1532 maesti
496 1470 735 1543 deliberaremus,
756 1487 884 1548 quonam
900 1487 1005 1548 genere
1020 1479 1203 1550 praesentem
1221 1474 1395 1535 evitaremus

285 1569 457 1649 procellam,
478 1587 554 1631 unus
575 1588 676 1631 servus
693 1568 920 1648 Agamemnonis
938 1567 1131 1648 interpellavit
1155 1571 1344 1650 trepidantes
1369 1579 1396 1631 et

281 1659 386 1749 ‘quid‘l
401 1658 467 1729 vos'
482 1668 576 1748 inquit
587 1659 726 1740 ‘nescitis
741 1666 829 1729 hodie
844 1668 921 1748 apud
934 1685 1020 1747 quem
1034 1666 1104 1728 liat?
1128 1669 1318 1742 Trimalchio,
1335 1671 1393 1730 lau·
1408 1679 1432 1730 n

285 1767 419 1829 tissimus
434 1768 540 1841 homo,
561 1765 749 1844 horologium
774 1764 803 1826 io
819 1765 945 1827 triclinio
961 1774 990 1828 et
1004 1767 1202 1840 bucinatorem
1219 1769 1311 1830 habet
1326 1769 1393 1830 suh-

286 1875 437 1942 ornatum,
459 1875 491 1928 ot
510 1863 633 1927 subinde
653 1863 724 1924 sciat
743 1871 885 1944 quantum
908 1863 1017 1926 devita
1033 1856 1210 1945 perdiderit’
1240 1867 1394 1929 amicimur

285 1983 354 2044 ergo
372 1964 524 2043 diligenter
539 1962 619 2025 obliti
634 1962 766 2024 omnium
783 1962 942 2036 malorum,
959 1969 987 2023 et
1002 1963 1108 2025 Gitona
1123 1964 1318 2026 libentissime
1333 1984 1394 2027 ser-

230 2065 270 2126 27
285 2063 339 2124 vile
360 2062 489 2124 officium
511 2070 641 2126 tuentem
656 2081 750 2142 usque
764 2062 823 2123 hoc
837 2059 970 2122 iubemus
986 2059 1015 2120 in
1031 2061 1134 2124 balneo
1151 2064 1243 2143 sequi.
1275 2083 1334 2125 nos
1350 2064 1393 2124 in·

285 2161 369 2223 terim
385 2160 482 2222 vestiti
496 2179 593 2222 errare
608 2161 758 2241 coepimus
1409 2174 1431 2222 tt

371 2316 463 2376 immo
480 2315 570 2377 iocari
587 2315 680 2396 magis
696 2323 725 2377 et
740 2314 855 2376 circadis
869 2314 1022 2377 ludentum
1037 2317 1188 2391 accedere,
1211 2336 1280 2380 cum
1297 2319 1391 2381 subito

301 2411 312 2500 [1
328 2412 460 2476 videmus
476 2432 578 2476 senem
595 2416 717 2489 calvum,
731 2413 828 2475 tunica
845 2413 982 2475 vestitum
997 2433 1109 2490 russea,
1127 2415 1204 2479 inter
1219 2436 1332 2497 pueros
1349 2424 1433 2479 ca-Ht

286 2513 401 2594 pillatos
422 2513 569 2576 ludentem
591 2513 657 2594 pila.
687 2529 742 2572 nec
759 2518 820 2572 tam
837 2512 919 2591 pueri
933 2529 1001 2587 nos,
1018 2532 1196 2593 quamquam
1211 2525 1274 2578 erat
1290 2536 1394 2598 operae

286 2614 428 2695 pretium,
450 2615 485 2676 ad
505 2612 704 2693 spectaculum
725 2611 879 2686 duxerant,
901 2629 988 2690 quam
1009 2611 1072 2692 ipse
1092 2620 1175 2693 pater
1188 2615 1330 2689 familiae,
1348 2614 1394 2694 qui

361 2829 375 2874 l
395 2826 523 2888 spectabat
543 2832 553 2872 t
676 2823 767 2872 iniecta
785 2837 861 2870 manu
879 2819 1039 2872 Moesiam
1058 2821 1122 2872 conl.
1142 2837 1198 2886 cap.
1218 2822 1270 2872 133

288 2897 487 2944 techaeserent
505 2894 612 2958 scripsi:
638 2895 772 2943 haeserant
796 2892 839 2942 nel
864 2893 982 2942 heserant
1005 2891 1080 2958 libri,
1105 2895 1196 2943 hesent
1214 2892 1250 2957 P,
1274 2892 1304 2944 in
1321 2895 1349 2945 L
1366 2909 1393 2944 ae

288 2973 429 3018 correctum
447 2980 478 3014 en
497 2982 524 3014 er
543 2965 647 3016 uidetur
754 2964 868 3028 quicquid
880 2962 1007 3015 AFGLP
1113 2967 1127 3013 3
1147 2965 1288 3015 uocehetB

288 3043 445 3090 commoueat
463 3035 497 3099 B,
517 3038 692 3086 commonebat
710 3034 737 3085 P
850 3037 953 3100 ualgiter
971 3053 1060 3102 marpo
1080 3043 1096 3100 t,
1118 3034 1290 3087 Goldastiana
1307 3052 1394 3089 scenn-

288 3109 350 3161 dnm
360 3107 525 3174 Fnlpentinm
537 3124 622 3174 capos.
632 3125 652 3158 s.
663 3115 715 3161 ant.
723 3123 754 3172 p.
761 3109 812 3160 566
826 3105 935 3172 (srapm.
945 3107 987 3172 Χ)
1077 3115 1102 3158 et
1113 3125 1165 3158 nan
1178 3107 1248 3157 deest
1257 3109 1287 3158 in
1300 3109 1324 3158 A

287 3190 423 3245 tamquam,
442 3195 495 3229 non
512 3187 630 3244 tanquam
642 3178 720 3230 ABP
825 3179 921 3228 sortiris
934 3177 960 3227 P
1065 3181 1171 3229 loculis
1184 3178 1297 3230 AEFPt

288 3253 339 3304 ano
358 3251 474 3304 asterisci
491 3252 520 3302 in
538 3253 588 3317 Lp,
607 3267 675 3302 tinne
692 3265 806 3300 noenum
823 3265 927 3300 neranm
945 3249 1052 3314 implens
1070 3251 1099 3300 in
1118 3258 1128 3298 t
1246 3253 1260 3299 5
1280 3249 1395 3301 asterisci

285 3320 340 3378 'dieo
358 3325 386 3376 in
398 3327 432 3390 L,
450 3333 500 3376 tres
518 3324 547 3374 in
560 3332 594 3389 pt
716 3323 806 3370 tercius
819 3321 848 3370 H
954 3323 979 3371 id
998 3329 1036 3370 est
1054 3323 1192 3386 expectatio
1210 3323 1302 3372 liberae
1319 3337 1393 3372 cenae

288 3399 436 3465 compilator
453 3395 626 3463 intempestiua
645 3395 686 3446 bia
704 3393 814 3443 inseruit
831 3392 982 3456 amplectenti
998 3409 1098 3458 canosa,
1118 3392 1180 3442 dnm
1192 3393 1306 3444 meminit
1317 3394 1394 3443 aliam

287 3479 438 3520 saturarum
459 3479 564 3536 partem
591 3468 620 3520 in
648 3483 702 3534 qna
727 3463 888 3530 referebatur
915 3463 946 3515 de
973 3481 1095 3530 suprema
1123 3479 1186 3514 cena
1211 3464 1393 3530 pladiatornm.

288 3540 438 3592 damnatam
456 3543 522 3592 enim
540 3542 577 3593 acl
595 3540 686 3592 indam
703 3536 859 3601 &accipiam
869 3535 956 3601 fnisse
972 3551 985 3585 e
993 3552 1023 3600 p.
1034 3539 1067 3586 12
1080 3553 1107 3589 n.
1122 3540 1154 3584 11
1168 3535 1316 3587 didicimus.
1339 3536 1393 3601 fal·

289 3610 352 3660 litnr
370 3619 454 3661 antem
473 3612 603 3663 Prellerns
621 3609 790 3680 mythologice
802 3624 864 3659 rom.
873 3624 904 3672 p.
917 3612 968 3656 441
1079 3609 1094 3656 8
1114 3608 1210 3672 maesti]
1224 3609 1311 3657 inserti
1324 3624 1392 3672 susp.

289 3679 412 3729 Heinsius
520 3685 639 3732 tlilunus
645 3683 704 3748 fnit
716 3698 773 3734 enan
784 3679 870 3730 mallet
878 3679 1003 3729 Heinsius
1100 3678 1308 3743 agnmenonisH

291 3752 322 3799 13
342 3750 492 3813 githoneH
596 3756 628 3802 14
646 3770 723 3816 usque
743 3756 793 3803 hoe
812 3759 849 3803 eet
865 3753 917 3801 huc
936 3765 1013 3814 usque
1119 3750 1215 3800 miram
1232 3751 1262 3800 ni
1280 3749 1354 3800 dedit
1369 3751 1393 3799 in

288 3822 404 3893 balneum
423 3821 526 3886 (balnea
539 3822 661 3886 placebat
684 3823 713 3875 0.
727 3823 853 3889 Iabnio):
877 3825 949 3873 iussis
971 3823 1126 3873 balnearibus
1150 3823 1246 3884 assequi
1270 3821 1393 3886 Apuleiae

289 3891 424 3944 dinitmet.
438 3891 538 3942 11112
647 3897 678 3941 15
692 3895 829 3948 interiuH.
860 3897 959 3946 interim
975 3895 1001 3943 in
1021 3894 1145 3942 uestibulis
1164 3900 1211 3942 ant
1226 3893 1252 3942 in
1269 3895 1346 3958 xystis
1359 3909 1393 3942 er·

287 3978 342 4012 rore
367 3961 501 4013 Iacobsins
625 3963 745 4014 lacernam
768 3966 913 4031 sipnificani
1040 3967 1070 4014 16
1090 3979 1148 4030 ymo
1167 3963 1198 4012 Η
1322 3964 1393 4013 ociori

288 4033 421 4096 Heinsius,
441 4035 527 4098 nugari
539 4033 674 4084 Iacobains
762 4038 889 4086 ludentum
901 4036 1039 4088 Heinsius:
1058 4036 1184 4085 ludentem
1197 4034 1231 4084 Η
1316 4039 1346 4084 tt
1360 4051 1393 4083 oa

288 4121 355 4156 oure
368 4121 546 4154 ummancroms
557 4123 590 4155 ur
603 4121 726 4156 navrrcrrs
738 4107 866 4173 margines
879 4115 913 4172 pt
996 4100 1057 4156 ‘alii
1073 4099 1152 4157 russa’
1167 4104 1306 4172 Scioppius

288 4179 383 4242 puellos
396 4174 421 4225 L
530 4179 561 4226 18
581 4177 756 4240 quanquamL
865 4181 895 4228 te
914 4179 1025 4241 precium
1035 4177 1088 4227 HL
1177 4179 1325 4228 induxerant
1341 4194 1393 4227 mo-

289 4248 356 4299 lebat
373 4245 497 4298 Heinsius
603 4249 779 4313 patarfamibea
798 4257 807 4297 t
913 4251 971 4312 quia
988 4246 1023 4299 H
