3022 4956
588 417 730 472 sarman
1166 407 1214 488 π’·

56 579 83 634 n
97 572 278 635 Thimalchio
298 572 408 634 iactans
429 569 584 635 mumdum
604 589 709 654 panem
726 562 846 634 ‘rreruo'¹
858 573 954 655 lnquit
966 565 1014 636 ‘iu
1034 575 1123 656 domo
1143 595 1208 638 mea

97 689 147 732 me
162 670 232 750 plus
248 663 343 732 amat.²
368 671 536 751 indignatas
548 687 630 752 puer,
646 670 725 752 quod
737 671 884 751 Scylacem
896 681 956 734 tam
968 674 1060 734 effuse
1071 673 1208 750 laudaret,

97 769 231 831 catellam
243 769 273 830 in
285 776 393 832 terram
403 769 541 850 deposuit
551 770 752 850 hortatusque,
764 777 797 832 ut
808 769 943 832 adriram
956 779 1129 851 properaret
1138 820 1207 836 .....

97 867 217 948 Scylax,
237 867 341 929 canino
368 867 477 930 scilicet
494 885 569 930 usus
588 867 719 946 ingenio,
739 869 907 930 taeterrimo
928 869 1032 932 latratu
1051 870 1209 934 triclinium

64 981 80 1029 5
97 966 232 1047 implevit
246 965 486 1046 Margaritamque
501 965 603 1028 Croesi
616 983 709 1046 paene
723 965 865 1028 lacerarit.
894 983 949 1028 nec
963 967 1038 1029 iutra
1053 967 1145 1028 rixam
1160 974 1209 1030 tu-

96 1065 211 1128 multus
234 1063 377 1137 constitit,
399 1063 452 1126 sed
472 1064 674 1126 candelabrum
694 1065 780 1127 etiam
799 1083 890 1145 super
915 1081 1047 1126 mensam
1074 1083 1209 1130 eversum

97 1169 128 1224 et
148 1181 220 1224 vasa
241 1161 339 1222 omnia
356 1161 518 1240 crystallina
533 1161 709 1224 comminuit
722 1171 751 1224 et
766 1161 830 1226 oleo
844 1163 968 1225 ferventi
982 1163 1093 1243 aliquot
1108 1165 1209 1226 couri·

95 1279 148 1322 vas
165 1259 317 1340 respersit.
349 1258 526 1321 Trimalchio
542 1277 579 1320 ne
593 1259 739 1322 videretur
754 1261 863 1324 iactura
877 1267 987 1335 motus,
1001 1261 1121 1324 basiavit
1136 1281 1208 1344 pue-

96 1379 168 1422 rum
183 1377 219 1420 ac
232 1358 318 1420 iussit
332 1375 421 1438 super
436 1358 558 1419 dorsum
570 1359 726 1420 ascendere
737 1365 834 1420 suum.
863 1376 925 1419 non
937 1367 1068 1422 moratus
1080 1360 1126 1422 ille
1136 1379 1208 1422 usus

51 1467 81 1516 to
98 1467 141 1519 est
160 1475 238 1536 equo
254 1473 401 1537 manuque
416 1455 498 1536 plena
515 1457 651 1536 scapulas
665 1457 728 1519 eius
744 1457 868 1519 subinde
882 1457 1054 1532 verberavit,
1076 1459 1209 1538 interque
1260 1516 1264 1525 .

95 1556 193 1618 risum
210 1553 413 1634 proclamavit:
431 1545 552 1627 ‘hucca‚
568 1553 674 1628 bucca,
690 1562 762 1634 quot
777 1560 847 1616 sunt
860 1547 943 1616 hic?'
971 1573 1124 1636 repressus
1139 1577 1208 1638 ergo

96 1653 267 1734 aliquandiu
286 1653 463 1714 Trimalchio
485 1651 632 1714 camellam
652 1653 793 1732 grandem
812 1652 899 1714 iussit
920 1653 1036 1715 misceri
1056 1655 1210 1734 potiones-

97 1771 155 1833 que
168 1751 256 1813 dividi
268 1749 406 1812 omnibus
419 1751 519 1825 servis,
533 1751 583 1831 qui
594 1752 629 1813 ad
642 1752 730 1831 pedes
742 1750 893 1824 sedebant,
907 1751 1015 1813 adiecta
1026 1755 1209 1833 exceptione:

93 1832 136 1912 ‘si
153 1841 236 1930 quis³
251 1851 346 1930 inquit
361 1841 504 1910 ‘noluerit
517 1848 659 1930 accipere,
681 1858 768 1930 caput
787 1849 824 1910 illi
840 1847 990 1928 pertunde.
1022 1850 1145 1913 interdiu
1160 1869 1211 1914 se-

53 1960 81 2010 15
98 1967 178 2023 vera,
193 1959 274 2011 nunc
288 1939 405 2010 hilaria.³

185 2049 263 2110 hanc
281 2046 493 2108 humanitatem
512 2046 660 2108 insecutae
680 2055 749 2110 sunt
764 2053 902 2119 maneae,
918 2064 1041 2126 quarum
1058 2046 1145 2109 etiam
1161 2066 1208 2109 re-
1225 2049 1264 2111 65

98 2146 233 2210 cordatio
249 2163 311 2217 me,
333 2145 357 2205 si
373 2152 491 2225 quaest
506 2144 611 2206 dicenti
626 2144 714 2217 tides,
730 2145 860 2206 offendit.
890 2144 1020 2223 singulae
1035 2145 1113 2206 enim
1128 2144 1209 2225 galli-

97 2263 155 2307 nae
170 2243 262 2306 altiles
277 2261 332 2323 pro
348 2243 441 2306 turdis
457 2241 644 2306 circumlatae
660 2251 730 2304 sunt
744 2253 773 2304 et
784 2260 838 2303 ora
850 2242 985 2304 anserina
997 2243 1120 2323 pilleata,
1137 2262 1212 2323 quae

98 2352 132 2406 ut
148 2359 362 2415 comessemus,
378 2341 617 2403 ambitiosissime
633 2341 752 2402 onohis
765 2340 943 2403 Trimalchio
954 2342 1038 2421 petiit
1049 2341 1148 2403 dicens
1159 2361 1211 2402 er·

55 2452 84 2502 20
101 2447 220 2504 ossatas
246 2458 312 2502 esse
337 2439 464 2519 gallinas.
499 2439 578 2502 inter·
598 2441 671 2501 haec
694 2438 810 2500 triclinii
835 2439 929 2499 valvas
947 2439 1033 2500 lictor
1053 2441 1209 2519 percussit,
1265 2441 1269 2450 '

100 2539 284 2618 amictusque
301 2546 381 2600 reste
400 2538 462 2600 alba
484 2555 551 2599 cum
571 2536 682 2616 ingenti
707 2536 869 2614 frequentia
890 2536 1065 2599 comissator
1084 2537 1210 2598 intravit.

101 2659 157 2720 ego
177 2637 328 2703 maiestate
348 2640 523 2699 conterritus
544 2641 710 2715 praetorem
725 2633 863 2712 putabam
879 2635 1004 2696 venisse.
1035 2635 1130 2714 itaque
1144 2641 1211 2696 teu-

100 2736 159 2800 tavi
178 2753 333 2814 assurgere
353 2742 383 2796 et
401 2735 499 2796 nudos
519 2733 608 2814 pedes
629 2730 658 2791 in
677 2739 784 2791 terram
801 2729 922 2792 deferre.
952 2730 1018 2794 risit
1031 2732 1108 2793 hanc
1121 2731 1212 2812 trepi-

102 2834 253 2898 dationem
262 2833 463 2914 Agamemnon
479 2839 509 2893 et
518 2823 646 2894 ‘contine
661 2820 698 2890 te'
713 2828 807 2910 iuquit
818 2820 924 2892 ‘homo
941 2831 1121 2894 stultissime.
1152 2831 1211 2892 lla-

58 2942 86 2993 25
102 2933 211 2996 binuas
231 2933 308 2994 sevir
327 2939 372 2994 est
391 2931 526 3011 idemque
544 2928 716 3010 lapidarius,
738 2928 788 3008 qui
807 2930 864 2991 sibi
883 2930 996 2993 ridetur
1021 2938 1211 2992 monumenta

102 3031 216 3114 optime
230 3019 346 3092 iacere?

1223 3055 1273 3168 s

175 3201 192 3248 2
207 3197 275 3247 eluse
288 3195 322 3246 H
407 3198 422 3244 a
435 3203 501 3244 terra
513 3193 647 3244 Patauino
735 3193 840 3259 suppleo
852 3211 973 3260 magnum
985 3197 1117 3246 tumultum
1129 3197 1212 3246 conci-

103 3271 172 3320 tauit.
211 3284 273 3318 nom
291 3267 384 3316 moiseo
401 3283 455 3316 nora
471 3263 545 3315 nulla
563 3279 616 3314 esee
628 3265 671 3315 uel
682 3263 743 3315 inde
756 3266 921 3330 consequitor
933 3265 1002 3331 quod
1015 3266 1084 3316 deest
1096 3274 1132 3316 est

15 3359 23 3370 ·
103 3345 257 3405 apraeatat
273 3339 365 3388 scilicet
383 3339 472 3388 cerrino
596 3338 610 3384 h
629 3338 791 3400 Margaritam
806 3353 858 3400 pro
877 3335 971 3387 blando
989 3337 1090 3386 nominc
1109 3337 1213 3388 celeiae

103 3411 190 3474 habeo,
205 3409 277 3460 uelut
288 3407 409 3460 Martiali
420 3407 442 3460 I
453 3410 503 3458 109
516 3405 577 3458 Iseo
589 3407 680 3460 cotella
693 3406 780 3458 carior
792 3405 894 3456 Indicia
906 3407 1002 3471 lapillis
1014 3415 1124 3458 uocatur
1183 3442 1186 3447 -

103 3510 229 3606 nepiintra
248 3531 283 3585 H
397 3536 410 3581 6
431 3547 504 3598 super
522 3531 629 3597 scripsi:
647 3544 721 3596 supra
739 3528 774 3578 H
887 3535 900 3580 7
920 3531 1053 3581 cristallina
1071 3530 1105 3581 H

104 3605 264 3671 Brespersit
283 3619 336 3654 aeon
354 3604 461 3669 respexit
479 3601 513 3653 H
615 3606 629 3652 9
650 3616 724 3667 super
741 3599 835 3665 scripsi
841 3617 850 3648 .·
874 3615 948 3666 supra
966 3601 1000 3653 H
1102 3599 1212 3654 moratur

104 3679 179 3729 tacite
193 3675 323 3726 Antonius
412 3676 452 3724 ille
471 3683 495 3726 et
507 3672 661 3738 Schefferus,
679 3675 721 3724 illo
736 3671 842 3722 (locrius
934 3675 966 3723 10
985 3681 1022 3724 est
1035 3673 1131 3724 addidi

103 3751 178 3814 plana
196 3745 343 3812 Schefferus
462 3747 526 3796 inter
544 3761 619 3810 quam
638 3762 694 3796 curn
713 3739 953 3794 Amphiareae
971 3744 1082 3809 haberet,
1100 3747 1212 3811 interque

104 3833 131 3872 ca
151 3836 211 3871 cum
232 3821 283 3868 nau
301 3815 459 3867 Muncherua
604 3820 635 3866 11
655 3819 748 3867 buccae
767 3816 859 3864 buccae
878 3813 1014 3880 Balaleisa,
1034 3819 1113 3868 bucco
1133 3819 1213 3868 bucco

105 3907 160 3944 cum
184 3888 343 3941 Tilehoneeno
362 3887 487 3939 Heinsius
625 3891 656 3938 12
675 3887 837 3952 potionesque
855 3886 960 3950 tarmei:
984 3889 1097 3953 potiones
1116 3887 1152 3942 H.
1189 3897 1214 3940 et

106 4018 221 4080 potiones
241 4013 370 4064 Antonios
481 4012 513 4061 15
533 4011 689 4077 nunchilaris
706 4017 730 4060 et
747 4009 776 4060 in
793 4010 909 4076 margine
953 4011 1149 4063 nouellariaH

107 4089 135 4136 ta
156 4103 173 4136 a
191 4084 255 4136 add.
275 4083 420 4149 Schfferua
533 4084 567 4131 20
585 4083 642 4132 litor
659 4080 694 4132 H
804 4084 836 4131 21
857 4083 1010 4147 amcitusque
1028 4083 1063 4134 H
1173 4089 1214 4134 cc·

104 4159 219 4207 missetor
241 4155 277 4207 H
391 4156 424 4204 22
449 4154 583 4204 conteritur
606 4151 640 4202 H
760 4155 795 4201 24
818 4167 958 4218 agamenon
981 4153 1015 4205 H
1118 4158 1150 4204 25
1170 4155 1215 4204 sibi

105 4230 230 4279 uideretur
251 4227 294 4278 uel
318 4242 344 4277 ee
368 4233 436 4277 retur
454 4222 592 4274 Haimioa:
614 4225 738 4276 uideretur
756 4221 792 4276 H.
829 4225 925 4275 uidetur
945 4223 1099 4290 Sehqfferua.
1131 4231 1217 4290 potest
