3022 4956
75 708 93 758 u
183 713 253 774 ergo
273 695 411 758 ebrietate
430 697 564 759 discussa
579 696 609 757 in
625 696 701 758 alind
716 695 873 758 trichnium
889 695 1005 757 deducti
1021 713 1140 769 snmus,
1159 693 1210 756 nbi

107 793 257 855 Fortunata
284 795 472 876 disposuerat
493 796 620 858 lautitias
647 798 745 874 [suas]
767 795 807 856 ita
831 801 974 874 utsupra
1001 795 1210 855 lucernas...

107 893 294 973 aeneolosque
314 896 477 975 piscatores
496 896 673 969 notaverim,
695 902 724 955 et
744 911 862 955 mensas
876 900 956 954 totas
972 899 1125 970 argenteas
1141 891 1211 953 cali-

107 1010 204 1072 cesque
219 993 297 1054 circa
312 993 414 1054 fictiles
425 994 584 1068 inauratos,
601 1002 630 1055 et
641 994 741 1056 vinum
753 993 783 1054 in
795 999 957 1073 conspectu
970 1009 1056 1051 sacco
1070 990 1210 1050 detinens.

82 1099 94 1146 5
109 1097 165 1150 tum
177 1089 355 1152 Trimalchio
368 1083 472 1152 ‘amici'
488 1092 582 1170 inquit
593 1083 693 1153 ‘hodie
709 1111 811 1153 servus
827 1110 910 1152 mens
925 1087 1123 1151 barbatoriam
1134 1086 1211 1161 fecit,

107 1187 188 1256 bomo
203 1189 372 1268 praefiscini
387 1189 464 1268 frugi
480 1200 509 1251 et
524 1189 670 1252 miserius.
700 1189 796 1267 itaque
810 1182 906 1270 τέγγε
919 1181 1106 1267 πνεύμονας
1119 1186 1210 1247 facia-

108 1304 167 1346 mus
182 1294 209 1348 et
223 1305 318 1368 usque
333 1287 364 1347 in
378 1289 472 1350 lucem
489 1280 644 1351 cenamus?
675 1289 748 1350 baec
759 1287 872 1350 dicente
883 1307 918 1348 eo
931 1287 1023 1366 gallus
1036 1285 1209 1364 gallinaceus
1225 1293 1266 1352 74

108 1384 229 1446 cantavit.
259 1405 317 1465 qua
331 1405 402 1447 voce
418 1388 560 1450 confusus
572 1387 749 1447 Trimalchio
765 1387 865 1447 vinum
881 1385 936 1447 snb
952 1403 1055 1446 mensa
1066 1383 1152 1445 iussit
1163 1383 1207 1444 ef-

108 1481 182 1542 fundi
205 1482 412 1564 luoernamqne
439 1484 526 1546 etiam
553 1506 635 1548 mero
658 1486 767 1567 spargi.
796 1486 888 1545 immo
910 1483 1028 1544 anulum
1048 1482 1162 1543 traiecit
1180 1481 1211 1544 in

72 1589 95 1640 10
110 1578 247 1642 dexteram
269 1600 392 1644 manum
413 1590 443 1643 et
457 1574 534 1645 ‘non
553 1585 618 1645 sine
637 1577 736 1646 causa'
756 1581 851 1660 inquit
865 1573 929 1642 ‘hie
949 1581 1072 1643 bucinus
1092 1581 1210 1659 signum

110 1676 192 1756 dedit;
206 1700 274 1742 nam
290 1690 341 1743 ant
355 1681 523 1742 incendium
541 1689 659 1762 oportet
673 1683 731 1754 fiat,
746 1686 796 1740 aut
810 1679 912 1760 aliquis
924 1681 954 1740 in
966 1679 1070 1740 vicinia
1081 1679 1209 1740 animam

110 1776 210 1840 abiciet.
241 1780 331 1860 longe
346 1798 361 1840 a
377 1778 472 1839 nobis.
502 1779 600 1859 itaque
616 1779 749 1861 quisquis
764 1778 845 1838 bunc
859 1777 983 1840 indicem
999 1777 1141 1851 attulerit,
1158 1795 1209 1838 co-

110 1875 246 1938 rollarium
259 1867 399 1956 accipiet?
429 1876 506 1938 dicto
528 1877 612 1940 eitius
633 1879 668 1940 de
687 1876 791 1938 vicinia
810 1874 901 1954 gallus
922 1875 1025 1937 allatus
1041 1881 1100 1949 est,
1121 1893 1208 1954 quem

111 1971 274 2038 Trimalchio
369 1973 468 2050 iussit,
493 1983 527 2037 ut
546 1996 619 2038 aeno
645 1984 746 2038 coctus
771 1975 862 2034 fieret
892 1973 1034 2036 laceratus
1059 1972 1146 2052 igitrn
1173 1973 1209 2034 ab

75 2072 97 2122 15
112 2067 152 2129 illo
166 2071 334 2135 doctissimo
352 2092 438 2145 coco,
465 2073 515 2153 qui
530 2075 617 2154 paulo
633 2083 700 2136 ante
714 2074 751 2136 de
767 2091 858 2154 porco
874 2091 940 2134 aves
956 2073 1114 2153 piscesque
1126 2073 1210 2134 fece-

110 2174 155 2240 rat,
170 2168 198 2229 in
214 2173 370 2235 caccabum
383 2179 428 2234 est
443 2171 602 2233 coniectus.
633 2174 762 2254 dumque
776 2172 919 2234 Daedalus
930 2171 1083 2251 potionem
1094 2173 1209 2234 terren-

110 2263 242 2329 tissimam
257 2271 367 2343 haurit,
382 2271 545 2331 Fortunata
559 2271 637 2332 mola
652 2270 746 2333 buxea
762 2270 848 2350 piper
863 2271 949 2331 trivit

184 2371 309 2449 sumptis
326 2369 414 2448 igitrn
428 2369 544 2431 matteis
560 2370 721 2449 respiciens
737 2370 772 2431 ad
783 2369 923 2430 famiham
935 2368 1114 2432 Trimalchio
1126 2363 1208 2450 ‘quid

111 2455 168 2523 ros>
181 2465 273 2546 inquit
283 2461 396 2530 ‘adbuc
410 2486 472 2529 non
488 2465 638 2529 cenastis?
658 2467 751 2540 abite,
766 2473 800 2527 ut
814 2468 860 2529 alii
875 2467 993 2529 veniant
1007 2467 1043 2528 ad
1060 2461 1209 2530 officium.³

74 2563 98 2613 20
113 2561 189 2625 subiit
206 2566 293 2645 igitur
311 2568 365 2630 alia
385 2567 503 2640 classiS,
525 2574 555 2627 et
574 2566 613 2627 illi
633 2565 752 2645 quidem
771 2566 979 2628 exclamavere:
996 2557 1075 2626 ‘vale
1090 2556 1163 2640 Gai’,
1178 2567 1209 2627 bi

113 2666 209 2723 autem:
224 2655 293 2727 ‘ave
309 2656 384 2727 Gai'.
414 2666 484 2727 hinc
505 2665 634 2746 primum
653 2663 783 2726 hilaritas
804 2671 907 2725 nostra
927 2661 1042 2725 turbata
1063 2672 1121 2738 est3
1140 2684 1208 2727 nam

112 2773 169 2818 curn
187 2779 258 2839 puer
278 2782 342 2826 non
361 2763 546 2844 inspeciosus
561 2764 637 2824 inter
651 2780 747 2824 novos
761 2763 901 2825 intrasset
915 2761 1084 2837 ministros,
1104 2762 1210 2825 invasit

112 2963 162 3014 lium
178 2971 280 3036 compsi:
305 2974 358 3022 solo
376 2971 413 3025 H.
449 2974 510 3022 solio
533 2969 679 3037 Scheffeaus
769 2951 774 2964 ι
801 2939 970 3039 alpatrabatur
987 2989 1075 3040 margo
1087 2973 1131 3024 H:
1148 2990 1207 3040 per·

113 3044 204 3100 utpatnr
221 3042 253 3093 H
269 3042 341 3110 quod
358 3042 432 3094 haud
450 3044 501 3094 scio
519 3061 555 3094 aa
573 3047 741 3109 uaporabatur
759 3045 799 3100 sit.
835 3046 1030 3110 praeparabatur
1049 3055 1097 3097 aut
1113 3055 1207 3111 tempe-

113 3108 199 3160 rabstur
216 3113 355 3179 Heimius,
373 3117 516 3182 pyrisbstnr
533 3115 670 3166 Reiuesius
814 3118 954 3168 desedimus
974 3114 1085 3167 Orellius
1098 3126 1208 3184 praeter

114 3185 304 3238 munuum
321 3186 444 3252 loquendi
520 3209 522 3214 ·

126 3317 131 3328 .
174 3256 186 3301 l
205 3256 287 3309 deesse
306 3257 408 3324 aliquid
425 3258 468 3308 uel
485 3274 544 3323 ergo
564 3258 674 3309 ostendit
686 3259 774 3325 primo
792 3260 846 3310 loco
859 3259 975 3323 positum
1101 3262 1116 3308 2
1136 3260 1206 3309 lauti·

115 3331 155 3369 ⁰1³⁸
171 3339 223 3393 spus
240 3331 275 3381 H
286 3329 357 3380 uude
374 3346 431 3380 susa
449 3330 540 3380 seclusi
630 3333 645 3380 3
665 3333 823 3396 alueolosque
843 3330 900 3382 Iac.
914 3328 1069 3392 Grououa'ua,
1089 3332 1206 3381 aeneolos

115 3403 198 3457 l¹¹0que
216 3399 330 3454 (locrius.
368 3417 412 3468 epo
429 3402 550 3452 lacunam
568 3401 687 3453 iudicasti
794 3404 808 3450 5
828 3403 907 3462 Turn,
925 3417 978 3449 uon
995 3401 1067 3449 Tunc
1086 3399 1120 3450 H

116 3457 206 3519 Croesus
217 3488 285 3524 meus
302 3472 413 3523 Wchlius
420 3490 450 3538 p.
458 3476 491 3524 39
582 3475 748 3524 barbatoriam
762 3471 921 3538 Schefferus:
940 3471 1094 3520 habetorism
1106 3471 1140 3522 H

114 3536 204 3649 fidili
285 3583 300 3628 6
320 3580 434 3629 micerins
453 3586 490 3628 est
499 3579 581 3645 fidus,
601 3588 725 3645 tanquam
744 3581 847 3645 quicum
865 3578 942 3628 etiosa
958 3575 1110 3627 intenebris
1121 3577 1205 3629 mices.

115 3649 143 3685 nn
158 3657 222 3696 otrus
239 3649 398 3716 Scheffervs,
417 3652 549 3700 amisarius
568 3651 680 3701 Iahnius
786 3660 864 3715 tango
882 3665 969 3700 menes
988 3648 1022 3699 H
1029 3649 1113 3714 plane
1130 3659 1161 3700 ut
1177 3651 1206 3701 iu

116 3716 207 3772 ⁰41³·34
224 3721 267 3774 udi
285 3721 344 3772 dici
362 3721 394 3771 dc
409 3729 527 3787 correpta
539 3722 589 3773 hac
606 3723 730 3773 locutione
838 3722 957 3772 Sefundi
970 3720 1004 3770 H
1088 3724 1206 3785 tetiam,

116 3793 159 3830 am
174 3796 196 3836 et
206 3790 241 3842 H:
276 3801 313 3844 est
330 3801 415 3844 autem
433 3796 508 3843 etiam
525 3793 567 3845 hic
584 3803 681 3859 aptum,
695 3803 758 3859 post
773 3797 850 3845 immo
869 3793 1042 3844 necessarium
1160 3810 1205 3844 an·

117 3853 189 3906 nllum
205 3861 236 3912 H
343 3869 375 3914 12
395 3866 492 3915 abiicict
509 3865 545 3918 H.
571 3868 669 3916 ebulliet
687 3865 799 3916 Iahnius
918 3865 1052 3928 langela
1069 3864 1104 3914 H

117 3929 245 4008 ⁰⁰rtfltrium
262 3936 297 3987 H
413 3941 446 3986 14
465 3936 615 3988 addemum
633 3939 713 3987 occidi
730 3945 778 3988 aut
794 3937 906 4001 iugulari.
943 3935 1051 4002 uulgata
1073 3937 1206 4002 scopam

118 3989 216 4077 demum
237 4007 431 4059 Trimalchionis
450 4009 606 4075 grauitatem
630 4007 741 4059 Wehlius
759 4026 790 4075 p,
803 4011 838 4059 42
856 4006 948 4058 statuit
1054 4018 1205 4060 ocnococtus

120 4060 216 4123 Ouolius
228 4095 257 4143 p,
269 4083 311 4132 24.
331 4080 364 4146 cf.
379 4096 408 4144 p.
424 4081 466 4142 55,
485 4083 499 4129 2
581 4082 640 4130 fiero
659 4094 691 4129 eu
709 4080 744 4130 H
755 4081 870 4131 euocauit
881 4079 1031 4130 Bassianus
1121 4083 1153 4130 15
1173 4082 1204 4130 da

118 4146 181 4212 porco
199 4151 422 4202 muheratlzuciuo
514 4156 545 4201 16
565 4154 685 4201 cacabum
702 4152 733 4202 H
822 4155 853 4202 18
873 4151 979 4201 mathois
993 4149 1027 4202 H
1112 4153 1145 4200 20
1164 4151 1204 4217 ille

120 4211 217 4268 staats
233 4221 260 4273 iu
276 4225 285 4273 i
304 4230 418 4274 correcta
435 4222 513 4272 sitH
