3008 4962
546 431 712 486 samme-
1143 434 1183 499 19

37 589 123 650 tonia
142 584 307 650 didicistis?
328 587 475 650 misereor
493 586 608 650 medius
628 589 714 652 lidius
733 587 836 664 vestri3
855 605 950 667 neque
970 589 1049 651 enim
1064 590 1186 670 impune

78 687 228 766 quisquam
248 685 327 766 quod
348 704 409 748 non
428 687 522 759 licuit,
545 687 667 766 aspexit.
696 687 798 766 utique
812 692 915 748 nostra
929 688 1009 766 regio
1025 697 1084 751 tam
1100 709 1186 770 prae·

79 785 205 847 sentibus
220 787 307 866 plena
322 793 368 847 est
382 786 567 860 numinibus,
588 793 622 848 ut
635 785 747 847 facilius
762 787 861 866 possis
879 786 966 847 deum
983 805 1070 866 quam
1087 789 1185 849 homi-

79 902 141 944 nem
159 884 299 946 invenire.
330 902 363 944 ae
382 901 421 944 ne
439 903 488 944 me
507 883 614 963 putetis
635 882 757 945 ultionis
773 902 860 948 causa
874 883 934 946 buc
947 879 1185 986 venissevtetate

54 971 167 1061 tinagis
194 991 291 1044 uestra
311 999 503 1043 commoveor
528 1000 617 1060 quam
637 981 743 1044 iniuria
762 1001 836 1045 mea.
873 983 1076 1062 imprudentes
1098 985 1185 1059 enim,

80 1088 110 1141 ut
122 1080 214 1143 adbuc
229 1090 313 1160 puto,
328 1081 490 1142 admisistis
505 1081 676 1161 inexpiabile
691 1080 795 1142 scelus.
824 1081 889 1160 ipsa
904 1082 1021 1161 quidem
1038 1083 1084 1144 illa
1099 1091 1186 1144 nocte

81 1188 172 1241 vexata
189 1187 250 1241 tam
267 1179 433 1259 periculoso
449 1179 584 1241 inhorrui
598 1178 722 1257 frigore,
738 1187 772 1240 ut
784 1179 925 1242 tertianae
939 1181 1026 1243 etiam
1041 1181 1185 1261 impetum

81 1277 202 1339 timeam.
233 1286 264 1340 et
278 1277 343 1338 ideo
359 1279 534 1340 medicinam
550 1295 657 1340 somno
674 1276 745 1356 petii
760 1276 898 1356 iussaque
915 1297 983 1340 sum
997 1298 1050 1340 vos
1066 1279 1186 1359 perqui-

82 1394 139 1436 rere
158 1384 244 1456 atque
265 1376 408 1455 impetum
428 1375 525 1436 morbi
540 1383 703 1438 monstrata
718 1375 876 1438 subtilitate
890 1377 990 1440 lenire.
1021 1379 1072 1440 sed
1088 1379 1124 1440 de
1139 1398 1187 1440 re-

44 1483 69 1533 10
84 1473 173 1535 medio
195 1492 256 1536 non
272 1483 333 1536 tam
348 1473 429 1536 valde
443 1473 559 1549 labor03
578 1474 673 1536 maior
688 1474 766 1536 enirn
782 1474 812 1535 in
827 1475 1006 1553 praecordiis
1022 1477 1108 1538 dolor
1122 1495 1187 1538 sae-

84 1572 126 1643 uit,
141 1573 189 1652 qui
203 1591 252 1634 me
266 1592 362 1653 usque
377 1573 412 1634 ad
429 1573 630 1635 necessitatem
645 1572 751 1634 mortis
763 1573 888 1649 deducit,
903 1592 941 1635 ne
953 1573 1063 1636 scilicet
1073 1574 1188 1636 iuvenili

84 1670 195 1749 impulsi
215 1672 332 1734 lieentia
348 1671 427 1750 quod
443 1671 473 1733 in
488 1672 592 1734 sacello
608 1672 707 1751 Priapi
721 1671 849 1746 vidistis,
870 1671 991 1751 vulgetis
1007 1673 1189 1751 deorumque

86 1771 196 1833 consilia
211 1771 370 1852 proferatis
386 1771 417 1831 in
432 1770 586 1850 populum.
610 1769 755 1848 protendo
772 1769 860 1848 igitur
875 1771 909 1832 ad
923 1789 1016 1850 genua
1028 1778 1124 1832 vestra
1136 1789 1187 1832 su-

86 1868 162 1946 pinas
177 1889 284 1932 manus
300 1875 428 1948 petoque
443 1876 472 1930 et
487 1887 550 1942 oro,
566 1886 604 1930 ne
620 1876 781 1931 nocturnas
796 1869 952 1948 religiones
967 1869 1065 1931 iocum
1078 1869 1187 1930 risum-

49 1975 73 2026 15
89 1984 138 2044 que
155 1967 280 2042 faciatis,
302 1986 374 2029 neve
393 1968 546 2029 traducere
564 1966 658 2029 velitis
676 1974 721 2030 tot
742 1985 887 2031 annorum
910 1968 1049 2047 [consilia]
1068 1973 1187 2040 secreta,

89 2082 153 2144 quae
166 2071 212 2129 xix
226 2068 307 2129 mille
321 2065 457 2127 homines
473 2057 635 2128 noverunt?

164 2166 330 2228 secundum
349 2165 426 2228 hane
440 2164 675 2245 deprecationem
689 2163 823 2228 lacrimae
836 2184 941 2229 rursus
956 2164 1058 2226 effudit
1072 2162 1188 2243 gemiti-
1206 2162 1245 2226 18

157 2333 334 2397 lneque—2
352 2333 450 2396 aspexit
468 2346 516 2385 orn.
534 2328 564 2381 F
684 2333 795 2397 batque
814 2331 849 2396 θ,
874 2329 1019 2395 nithneO
1121 2332 1191 2394 regia

94 2397 116 2448 P
213 2413 265 2454 tam
284 2411 344 2452 oete
361 2406 435 2467 plena
453 2401 631 2454 collocandum
648 2417 736 2454 censeo
844 2406 916 2453 best
933 2401 1032 2453 BLPt:
1052 2418 1099 2456 orn.
1114 2401 1189 2452 AOD

94 2469 173 2538 nnus
285 2475 427 2524 muninibns
445 2474 472 2524 P
585 2476 663 2538 prosit
681 2474 707 2525 P
811 2475 951 2524 tinuenir'r
968 2473 995 2523 B
1102 2489 1191 2523 caussa

94 2542 116 2590 Ιι
231 2554 314 2597 aetate
332 2546 416 2610 periit
431 2545 460 2596 iu
477 2544 512 2609 B,
531 2545 565 2612 cf.
579 2544 715 2610 praefatio
839 2545 926 2595 aetatis
944 2546 1023 2608 magis
1040 2550 1137 2594 uestrae
1156 2542 1190 2606 L,

94 2612 252 2668 dommianus
271 2617 342 2682 quod
364 2619 424 2668 flore
446 2617 538 2667 addito
563 2617 688 2668 Heinsius
706 2614 839 2682 probauit.
872 2607 919 2668 ‘ol
942 2630 964 2669 e.
987 2622 1069 2664 aetate
1091 2612 1187 2665 uestra‘

94 2699 173 2753 morpo
190 2690 222 2739 L.
258 2696 342 2740 aetate
360 2697 444 2740 uestra
461 2689 584 2754 magist}
693 2689 816 2738 tiniuria
833 2695 917 2737 nestra
934 2687 1028 2736 meaL
1134 2701 1192 2737 mea

96 2795 238 2846 ....dentes
256 2793 283 2846 B
407 2794 554 2858 inpudentes
572 2791 601 2844 F
723 2795 737 2842 6
753 2799 815 2856 poet
838 2801 910 2842 nocte
936 2790 1021 2842 deesse
1039 2790 1192 2842 uocabulum

97 2859 122 2912 0.
139 2863 246 2916 Iahnius
258 2873 340 2932 putot
458 2867 584 2916 iinorrui
602 2863 633 2916 F
747 2865 856 2914 terciane
874 2864 899 2914 A
1017 2872 1042 2914 et
1061 2863 1086 2914 G

95 2933 177 2998 impetu
196 2937 218 2988 0
333 2938 348 2986 8
368 2937 468 2986 timeam
485 2935 525 2986 B:
542 2938 660 2986 timebam
678 2934 907 2999 AODEFGLPa,
925 2937 1038 2986 timerem
1051 2942 1086 3001 pt

96 3006 150 3055 adso
172 3007 198 3058 O.
223 3025 238 3057 a
266 3009 314 3058 deo
337 3007 472 3059 Ioeobaiue
497 3007 563 3058 mole
587 3005 709 3072 Serapim
731 3007 877 3074 intelleqeus
1038 3009 1112 3057 etiem
1132 3014 1193 3072 post

96 3079 231 3129 medicinam
248 3077 314 3135 add.
332 3080 360 3129 E
476 3095 582 3143 sompno
599 3077 658 3132 AF.
694 3081 791 3130 somnio
810 3087 877 3130 recte
889 3086 955 3146 pute
979 3077 1136 3130 Wouaoerius
1155 3087 1191 3129 to·

97 3147 152 3197 ritae
169 3167 199 3214 p.
211 3154 264 3203 392
398 3152 412 3200 9
432 3151 518 3214 atque]
538 3159 581 3201 aut
603 3151 631 3200 D
759 3153 892 3216 suptilitate
911 3149 944 3200 F.
981 3159 1130 3216 corruptum
1148 3158 1192 3203 eat.

96 3220 223 3273 salubritate
241 3223 368 3274 Heinsius
481 3223 551 3272 linire
569 3220 601 3285 P,
619 3229 693 3272 aestua
710 3220 821 3276 Pitboei.
856 3223 933 3276 lenit.
964 3224 1007 3272 sed
1026 3225 1096 3272 dolor
1114 3223 1193 3271 saeuit

97 3291 176 3341 mediis
193 3295 291 3344 mniaea'e
309 3292 334 3345 θ
443 3296 474 3342 11
494 3293 618 3343 morbid
724 3295 833 3344 iuuenilli
851 3291 877 3343 A
998 3297 1029 3342 12
1049 3293 1147 3357 impulsi
1165 3293 1193 3342 li-

98 3364 167 3412 eentia
184 3368 248 3428 quod
267 3367 334 3431 Ept:
352 3366 451 3430 impulsi
470 3366 599 3415 licenciam
617 3366 683 3429 quod
697 3363 729 3428 P,
747 3366 854 3429 impulsu
872 3365 997 3414 licentiam
1016 3366 1082 3426 quod
1094 3363 1129 3426 B,
1147 3364 1193 3412 im-

97 3434 160 3492 pulsu
167 3437 290 3487 licentiam
302 3453 377 3501 quam
388 3434 528 3487 AC'DFGs
537 3445 562 3486 et
569 3437 595 3485 L
604 3436 632 3486 ira
641 3453 692 3501 quo
702 3444 786 3486 tomen
791 3436 909 3501 primum
920 3437 1039 3499 impulsus
1046 3433 1106 3500 fuit

98 3501 178 3571 Priapi]
196 3511 311 3572 principis
332 3507 355 3560 0
459 3509 548 3572 deique
562 3507 643 3558 ΑΕΒ
698 3563 704 3575 ,
736 3510 780 3557 ’13
799 3508 904 3557 eoncilia
917 3505 1043 3555 Halmius
1150 3508 1193 3555 ob-

97 3577 162 3624 tendo
180 3579 236 3644 LT,
258 3580 401 3630 Tolosanum
500 3581 585 3644 igitur]
605 3580 695 3643 iugiter
716 3576 742 3628 'I'
839 3587 922 3627 uestra
941 3593 988 3627 orn.
1008 3575 1037 3626 F
1136 3592 1194 3643 sup·

98 3645 159 3706 pines
170 3647 220 3703 OF.
247 3654 368 3717 supplices
383 3650 413 3702 0.
426 3650 539 3701 Iobuiue
629 3653 662 3700 14
675 3657 809 3700 noeturnae
821 3650 947 3700 orationes
960 3647 1125 3714 religionesO

99 3775 349 3830 queaoorrectereP
426 3778 457 3826 15
471 3776 566 3825 iacietis
579 3772 798 3837 orraAC'DIt'FG,
811 3774 948 3824 reseratisa
1026 3772 1127 3825 noueO

99 3842 212 3895 traducem
221 3846 247 3899 Α
324 3847 415 3898 uelisO
490 3849 591 3896 consilia
603 3845 674 3912 qnod
683 3861 696 3895 e
705 3863 731 3899 u.
742 3849 773 3894 13
786 3845 894 3911 irrepsit
904 3846 933 3896 in
941 3844 1116 3909 donares,
1126 3843 1197 3896 obeat

100 3909 216 3980 aBLPpe
304 3923 335 3969 16
355 3921 399 3968 uix
417 3933 465 3971 orn.
478 3916 512 3981 F,
526 3926 588 3982 post
605 3919 670 3968 mille
684 3917 775 3982 posuit
787 3934 809 3982 p
898 3919 980 3968 millae
998 3925 1022 3967 et
1038 3917 1067 3966 iu
1079 3917 1196 3982 meroide

99 3993 182 4046 mystae
197 3989 228 4052 L,
241 3992 300 4041 nulli
313 3998 330 4055 t,
348 3992 425 4040 millia
435 3991 567 4039 hominum
581 3989 608 4039 0.
636 3997 731 4056 mystae
744 3991 787 4038 uix
800 4004 886 4038 omnes
906 3987 1063 4039 Wooweriue
1075 3995 1099 4038 et
1114 3987 1197 4038 Heia·

100 4051 153 4119 litt,
162 4047 283 4113 ‘meliores
300 4053 473 4113 mmtbrooae’
489 4060 597 4113 Boscbii
696 4063 726 4109 17
747 4058 930 4111 secumdumO
1027 4062 1149 4109 lacrumas
1163 4060 1196 4123 L,

100 4143 247 4307 {imiimi}
350 4189 413 4238 dane
432 4183 460 4237 F
531 4255 536 4266 .
574 4188 737 4250 gentibusque
756 4183 790 4249 F,
808 4186 998 4251 gannitiboaque
1017 4183 1196 4233 Mernma'amu.

117 4261 143 4298 ne
160 4267 204 4309 em,

959 4339 994 4389 2&
