3008 4962
306 476 348 518 xtt

304 613 365 672 rivi
383 628 418 672 ao
435 611 531 690 farrae
549 627 588 671 cn
605 611 680 672 insto
699 610 830 688 fluminis
841 609 933 684 *alveo
951 613 1048 674 coiere
1068 611 1177 672 codices
1197 617 1224 671 et
1242 610 1413 691 aqoqraqba

305 729 440 800 quotquot
458 729 619 799 supersunt.
652 738 723 780 nam
741 721 924 799 quantumvis
944 721 978 781 dc
997 718 1119 798 sinqulis
1139 718 1226 780 rebus
1241 717 1413 799 plerumque

305 832 381 890 inter
395 846 424 888 se
439 829 610 908 discrepent,
631 827 807 890 lacunarum
821 837 916 890 tamen
931 819 1091 890 multarum
1105 830 1333 907 qraoiarumqne
1348 845 1413 888 cor-

306 937 488 1018 ruptelarum
504 940 666 998 communio
683 955 862 998 communem
882 936 1015 998 omnibus
1028 939 1119 1016 fuisse
1140 940 1280 1016 oriqinem
1295 937 1414 1016 probat.

306 1045 562 1127 comprehenderat
579 1043 628 1104 illc
643 1048 809 1124 primarius
828 1045 902 1107 liber
918 1055 1038 1126 praeter
1056 1054 1193 1126 enecrqta
1207 1044 1337 1106 Petronii
1353 1056 1417 1106 tum

306 1158 440 1216 carmina
454 1153 559 1215 Iouna
573 1156 691 1214 minora
710 1163 772 1214 tum
790 1151 901 1232 qlossas
921 1153 1123 1225 collectaneos,
1144 1164 1177 1215 ut
1193 1152 1417 1232 Iraquriensem
1489 1187 1490 1190 =

306 1263 479 1325 chmnscm
490 1260 653 1323 Leidensem
670 1262 709 1322 ad
722 1261 850 1341 aliquam
866 1265 926 1324 eius
940 1259 1156 1323 similitudinem
1171 1266 1342 1342 compositos
1356 1279 1416 1324 esse

305 1374 468 1452 nasqiceris.
491 1374 586 1450 itaque
599 1371 710 1451 saonam
726 1379 766 1431 cst
779 1380 813 1432 ut
826 1379 886 1431 tum
899 1370 1003 1432 Aetnae
1019 1371 1187 1432 veruculio
1203 1369 1348 1470 Vincentio
1359 1371 1417 1431 Ile-

307 1480 437 1540 luacensi
449 1489 476 1540 et
485 1483 516 1539 in
532 1477 607 1540 libro
624 1497 707 1558 quem
717 1477 900 1540 beluacensis
912 1477 1081 1541 bibliotheca
1093 1478 1215 1540 Claudio
1228 1479 1328 1541 Bineto
1344 1497 1417 1559 snp-

303 1589 487 1668 qeditaoerat
500 1591 712 1668 cqiqrammota
731 1587 848 1668 aliquot,
864 1599 925 1648 nom
939 1591 972 1649 in
987 1587 1132 1649 codicibus
1146 1587 1256 1648 soeculi
1267 1587 1323 1648 XV
1335 1587 1416 1649 Vati-
1490 1651 1491 1654 ,

307 1715 379 1758 cano
395 1694 497 1757 Veneto
508 1694 676 1758 Florentino
688 1695 884 1774 fragmentum
900 1696 946 1757 uel
960 1703 1095 1776 excerpta
1107 1696 1142 1756 de
1154 1695 1311 1758 verborum
1324 1695 1419 1776 signi-

307 1806 440 1868 ficatione
452 1805 499 1866 cel
513 1806 549 1868 de
562 1805 687 1885 antiquis
699 1803 876 1866 dictionibus
890 1805 1125 1867 adscriberentur
1136 1805 1280 1867 Petronio.
1304 1804 1418 1867 ctbanc

307 1916 420 1995 quidem
430 1914 593 1994 qlossorum
610 1913 762 1974 colluviem
778 1931 792 1972 e
808 1910 894 1973 Gellii
903 1911 1012 1974 Isidori
1021 1911 1196 1994 Hieronymi
1209 1913 1416 1975 ecclesiastico-

307 2043 375 2085 rum
393 2027 569 2102 scriqtorum
589 2019 706 2083 lectione
724 2032 839 2093 reatum,
861 2021 893 2082 de
909 2040 965 2102 qna
977 2033 1045 2101 qest
1059 2020 1198 2084 Carolum
1213 2021 1348 2084 Becltinm
1365 2042 1419 2084 ac-

308 2141 408 2194 curate
423 2132 579 2210 disputavit
593 2129 736 2210 Inqustus
750 2127 991 2211 Reiffmscbeidus
1008 2133 1102 2191 musei
1114 2128 1249 2191 Iibenani
1261 2136 1333 2192 noui
1347 2130 1422 2192 XVI

201 2268 205 2274 =
304 2262 335 2322 q.
352 2241 428 2312 Iso,
449 2240 557 2301 idcirco
573 2248 700 2319 repetere
713 2238 813 2300 manle
829 2239 916 2313 duni,
936 2239 1012 2319 quod
1026 2237 1156 2300 Petronii
1168 2237 1283 2299 Arbitri
1300 2243 1420 2301 nomene

308 2349 398 2411 railiilo
409 2351 515 2411 rectius
529 2352 717 2428 nuncapatur
726 2367 814 2428 quam
824 2345 922 2410 Plauti
931 2350 990 2408 sive
1003 2347 1148 2410 Ciceronis
1160 2345 1418 2426 obruerentur)

375 2523 396 2588 ¹⁶)
416 2523 526 2576 subsidii
541 2521 638 2590 aliquid
652 2524 676 2572 ei
690 2522 787 2572 rationi
804 2537 853 2588 quo
869 2523 996 2586 originem
1007 2521 1076 2573 illius
1087 2523 1263 2591 inscriptionis
1276 2521 1420 2589 explicasti-

308 2627 366 2663 raur
378 2611 436 2662 inde
447 2613 559 2680 paratur
571 2605 639 2676 qnod
648 2610 674 2658 in
687 2607 785 2658 duabus
797 2607 891 2658 codicis
903 2605 1041 2657 dernensis
1052 2607 1189 2672 glossariis
1202 2624 1266 2674 qaae
1278 2607 1335 2658 abm
1347 2609 1420 2658 inse·

308 2699 457 2762 queborttam
469 2709 537 2747 nureo
548 2698 635 2745 nutem
648 2693 801 2746 antecedunt
809 2693 967 2756 Petroniam,
980 2693 1078 2759 aliquot
1089 2693 1245 2762 deprehendi
1253 2691 1357 2758 glossas
1371 2698 1422 2744 aut

309 2785 412 2833 omnino
428 2786 477 2832 ant
493 2797 527 2832 ccc
541 2785 617 2849 perte
633 2785 791 2831 caramentes
808 2795 867 2830 cam
883 2779 934 2829 illis
950 2795 1013 2845 qaas
1025 2779 1102 2830 babes
1113 2781 1276 2848 perscriptas
1287 2781 1314 2828 in
1327 2793 1420 2830 museo

309 2867 493 2918 Itbananols.
505 2869 630 2933 s.q.5n.
645 2870 668 2928 1,
680 2868 908 2932 p.6n.5ct9et
921 2869 1067 2931 11,p.tn.
1083 2869 1116 2916 12
1129 2870 1155 2915 et
1167 2868 1200 2916 13
1213 2869 1239 2914 et
1252 2868 1330 2932 18‚q.
1345 2869 1379 2914 10
1392 2883 1420 2916 n.

310 2957 391 3019 37,q.
407 2953 706 3002 inconsentaneum
718 2949 793 2998 baec:

376 3031 475 3086 Ilitrum
488 3035 512 3084 in
526 3031 607 3085 Nitrio
621 3031 739 3082 nuscitur.
765 3029 840 3082 hebet
852 3031 916 3082 enirn
929 3031 1049 3082 virtutem
1062 3033 1122 3083 selis
1136 3039 1162 3084 et
1174 3040 1214 3084 est
1226 3029 1380 3084 medicinalis
1395 3041 1423 3084 et

410 3121 517 3170 vestIum
531 3131 711 3186 corporumque
724 3131 757 3167 en
770 3133 800 3166 eo
813 3117 902 3168 sordes
914 3117 1056 3169 abluuntur.

378 3206 494 3257 Excedrn
507 3205 594 3255 obeidu
607 3204 647 3254 nel
657 3204 727 3254 Iocus
737 3203 897 3254 subtiliorum
908 3211 1039 3270 soporatus
1049 3205 1170 3255 modicum
1180 3217 1194 3255 u
1204 3205 1341 3270 praetorio,
1352 3206 1422 3269 quod

411 3290 486 3342 Greci
499 3291 588 3358 cyclon
601 3291 694 3340 dicunt.

379 3376 511 3427 Peribotns
524 3376 548 3426 in
561 3374 678 3426 Ezechiel
691 3389 786 3425 murum
799 3373 933 3438 significet.
1001 3405 1003 3408 -

379 3463 505 3516 Classicus
519 3477 596 3514 sonus
610 3459 733 3512 tuburum.

379 3551 486 3602 Sinodns
499 3557 645 3614 conventus,
658 3548 784 3600 collectio.

378 3634 495 3699 AnngliIu
507 3636 690 3704 superscripto.

377 3709 470 3773 Renoua
482 3736 581 3785 graece,
594 3723 671 3773 latine
685 3724 782 3790 crquIo
796 3723 850 3774 sive
863 3726 934 3776 fluor.

379 3804 536 3858 Vestibulum
549 3807 640 3857 dictum
653 3823 682 3857 eo
696 3809 759 3872 quod
772 3808 817 3858 illo
831 3809 974 3858 vestiuntur
986 3803 1054 3855 iores
1068 3805 1152 3871 templi
1166 3806 1206 3855 vei
1219 3805 1320 3869 domus,
1333 3809 1377 3854 out
1389 3805 1423 3854 nb

411 3892 508 3942 stando.
534 3893 590 3956 [cst]
604 3891 667 3942 enim
681 3894 839 3944 coniunctum
852 3894 944 3943 domni.

378 3977 460 4029 Sitnle
473 3993 577 4043 serpens
587 3977 679 4028 dicitnr
688 3978 745 4043 quio
756 3993 828 4045 qoem
837 3976 1006 4038 momorderit,
1020 3975 1063 4026 siti
1073 3976 1146 4042 perit.
1165 3977 1229 4028 idem
1239 3983 1315 4028 estet
1325 3977 1421 4042 dipsas.

310 4063 453 4130 ibidemque
464 4078 514 4113 non
526 4062 610 4114 nullas
622 4063 746 4130 leguntur
755 4063 861 4130 glossae
870 4062 906 4114 ad
916 4064 1043 4114 Hebraeos
1055 4067 1131 4128 atquc
1144 4079 1187 4114 res
1200 4078 1289 4116 sacras
1302 4067 1421 4132 spectan-

312 4154 357 4200 tes.
379 4148 507 4218 plurimae
523 4154 677 4200 emanarant
693 4166 728 4200 oa·
744 4150 912 4218 etymologica
926 4147 1022 4199 Isidori
1037 4164 1144 4214 quocum
1156 4151 1182 4199 in
1194 4147 1346 4200 Betriacensi
1356 4148 1421 4200 libro

312 4251 410 4286 canera
419 4234 525 4285 Ilinetns
538 4237 726 4303 epigrammata
735 4235 853 4286 Petronii
863 4233 973 4284 uiderat.
999 4233 1066 4298 quod
1076 4238 1162 4284 autem
1174 4250 1206 4284 nc
1220 4250 1308 4284 earum
1320 4233 1420 4299 quidem

311 4319 406 4374 &sunl
416 4318 598 4373 uocabulorum
609 4321 834 4390 intmqrctate'ones
846 4320 937 4388 quibus
950 4317 1088 4371 Petronius
1099 4321 1193 4384 utitur,
1206 4319 1278 4371 uelut
1288 4326 1422 4384 grossum
