3022 4956
565 431 708 486 sunnon
1126 437 1186 501 123

66 582 201 670 lmagna'
215 589 309 670 inquit
320 579 449 668 ‘navigia
464 589 609 669 portubus
626 609 658 652 se
673 589 798 652 curvatis
814 589 973 666 insinuant,
988 609 1043 654 nec
1056 597 1117 655 tam
1130 593 1187 657 cito

94 690 202 750 fratrem
219 689 360 752 defecisse
374 691 433 751 veri
450 690 544 751 simile
558 689 620 750 erit.
651 689 762 752 accedit
776 688 835 763 his,
852 691 931 769 quod
945 691 1069 753 forsitan
1084 691 1187 754 Lichas

96 787 173 850 officii
187 806 286 850 caussa
301 787 395 851 visere
409 790 596 868 languentem
613 788 797 850 desiderabit.
827 788 916 862 vides,
932 807 1019 868 quam
1035 789 1116 852 valde
1130 809 1187 854 no-

94 886 132 946 bis
147 887 289 966 expediat,
308 889 385 950 ultro
408 889 560 951 dominum
581 889 616 950 ad
631 873 777 967 fugientes
790 904 945 949 accersere.
976 888 1028 950 sed
1043 889 1120 968 finge
1133 907 1187 952 na-

70 999 149 1048 tvem
168 986 202 1048 ab
221 985 330 1066 ingenti
348 1006 438 1067 posse
453 1007 542 1050 cursu
557 987 670 1048 deflecti
684 993 712 1048 et
726 987 845 1048 Licham
861 1005 922 1048 non
937 988 1036 1068 utique
1051 988 1187 1050 circumi-

93 1092 180 1145 tumm
199 1104 355 1165 aegrorum
376 1087 493 1149 cubilia:
513 1086 663 1166 quomodo
680 1103 841 1164 possumus
858 1085 955 1166 egredi
970 1105 1056 1161 nare,
1078 1095 1189 1150 utnon

94 1184 299 1264 conspiciamur
319 1205 335 1246 a
352 1183 488 1247 cunctis?
510 1184 620 1264 opertis
641 1182 796 1264 capitibus,
819 1202 856 1246 an
876 1184 986 1247 nudis?
1016 1185 1139 1265 opertis,
1160 1192 1189 1247 et

93 1283 148 1362 quis
162 1301 222 1346 non
239 1286 308 1347 dare
323 1303 444 1346 manum
459 1282 665 1363 languentibus
677 1279 775 1344 volet?
804 1284 901 1358 nudis,
916 1284 1028 1364 etquid
1045 1285 1100 1346 crit
1111 1282 1187 1346 aliud

94 1400 169 1461 quam
187 1403 218 1445 so
234 1383 318 1464 ipsos
334 1381 517 1463 proscribere
525 1372 554 1443 ‘d'
579 1374 666 1461 ‘quin
681 1373 792 1462 potius’
812 1383 932 1463 inquam
954 1401 1008 1463 ego
1020 1376 1073 1446 ‘ad
1094 1385 1258 1448 teme-102

58 1480 194 1544 toritatem
220 1482 407 1562 confugimus
431 1491 459 1544 et
479 1500 532 1562 per
553 1481 654 1543 funem
676 1481 750 1560 lapsi
773 1481 976 1544 descendimus
998 1482 1028 1543 in
1048 1483 1188 1563 scapham

93 1580 270 1660 praecisoque
284 1583 399 1645 vinculo
414 1582 523 1660 reliqua
537 1580 672 1641 fortunae
688 1579 923 1642 committimus?
951 1599 1006 1642 nec
1020 1600 1074 1661 ego
1090 1581 1121 1643 in
1131 1582 1189 1644 hoo

93 1679 242 1757 periculum
257 1681 426 1761 Eumolpon
441 1698 569 1743 arcesso.
599 1678 668 1758 quid
684 1677 761 1738 enim
778 1678 878 1740 attinet
892 1680 1079 1742 innocentem
1094 1680 1187 1742 alieno

93 1777 209 1856 periculo
225 1779 419 1860 impendere?
449 1785 604 1841 contentus
620 1797 697 1852 snm,
714 1778 739 1839 si
753 1797 809 1840 nos
825 1778 1034 1842 descendentes
1050 1779 1190 1842 adiuverit

95 1869 185 1938 casus?
207 1869 283 1940 ‘uon
294 1869 477 1959 imprudens’
492 1877 586 1957 inquit
597 1868 773 1939 ‘consilium'
788 1877 950 1958 Eumolpos
963 1867 1001 1938 ‘si
1013 1877 1123 1942 aditum
1135 1879 1188 1942 ha·

59 1973 173 2039 roboret.
203 1978 269 2057 quis
284 1979 362 2039 euim
378 1997 439 2041 non
455 1984 557 2039 euntes
572 1974 707 2038 notabit?
736 1976 836 2056 utique
852 1975 1037 2055 gubernator,
1054 1977 1102 2058 qui
1117 1996 1189 2058 per-

93 2075 149 2153 vigil
162 2084 248 2138 nocte
263 2077 393 2141 siderum
410 2095 527 2160 quoque
542 2083 641 2137 motus
657 2076 794 2138 custodit.
820 2083 849 2137 et
859 2082 1009 2156 utcunque
1021 2075 1135 2156 imponi
1146 2077 1190 2140 vel

95 2171 240 2236 dormienti
255 2185 368 2256 posset,
386 2177 410 2238 si
425 2196 479 2258 per
494 2175 578 2238 aliam
594 2181 706 2255 partem
718 2175 801 2237 navis
813 2176 881 2254 iuga
895 2183 1094 2255 quaereretur:
1110 2194 1190 2240 nuno

94 2289 138 2349 per
155 2273 291 2353 puppim,
311 2293 364 2354 per
384 2259 448 2355 ipsa
468 2274 662 2356 gubernacula
678 2272 869 2335 delabendum
886 2281 943 2348 est,
967 2293 983 2336 a
998 2294 1125 2355 quorum
1140 2295 1188 2338 re-

94 2371 169 2446 gione
186 2372 265 2434 lunis
286 2371 436 2433 descendit
451 2374 498 2452 qui
515 2373 642 2453 scaphae
656 2372 820 2434 custodiam
836 2379 924 2434 tenet.
954 2383 1104 2452 praeterea
1119 2376 1189 2439 illud

58 2479 81 2528 to
94 2468 185 2543 miror,
200 2469 333 2549 Encolpi,
347 2470 400 2530 tibi
414 2488 476 2533 non
492 2473 682 2546 succurrisse,
698 2490 791 2533 unum
805 2479 923 2533 nautam
936 2471 1069 2535 stationis
1080 2493 1189 2556 perpo-

93 2573 150 2628 tuae
169 2568 294 2630 interdiu
313 2576 461 2650 noctuque
482 2573 574 2634 iacere
589 2571 620 2632 in
636 2571 757 2651 scapha,
779 2589 833 2632 nec
847 2589 938 2650 posse
952 2569 1020 2632 inde
1036 2575 1189 2636 custodem

93 2664 143 2726 uisi
160 2675 207 2729 aut
221 2668 310 2730 caede
325 2669 429 2747 expelli
446 2677 497 2731 aut
511 2669 695 2752 praecipitari
709 2668 829 2731 viribus.
859 2670 939 2750 quod
955 2687 991 2730 an
1007 2671 1069 2733 lieri
1084 2673 1188 2751 possit,

93 2762 257 2846 interrogate
276 2766 426 2828 audaciam
446 2776 584 2831 vestram.
614 2787 683 2831 nam
703 2768 781 2849 quod
797 2770 834 2831 ad
849 2786 947 2831 meum
964 2769 1080 2848 quidem
1097 2773 1190 2835 comi-

93 2869 175 2924 tatum
190 2864 300 2940 attinet,
315 2865 429 2928 nullum
445 2886 550 2930 recuso
564 2868 733 2949 periculum,
749 2869 829 2950 quod
842 2869 943 2933 salutis
955 2889 1040 2952 spem
1053 2871 1190 2934 ostendit.

57 2972 80 3023 25
94 2979 154 3024 narn
169 2964 231 3026 sine
247 2984 351 3028 caussa
367 2966 484 3045 quidem
499 2967 635 3047 spiritum
651 2974 791 3050 tanquam
805 2989 868 3032 rem
884 2989 1004 3034 vacuam
1020 2970 1190 3052 impendere

158 3125 169 3172 l
188 3125 269 3189 inquit
286 3124 400 3191 neplecit
417 3123 545 3176 Antonius
671 3128 783 3192 portibus
797 3136 831 3194 pt
955 3130 1046 3180 curetis
1063 3147 1152 3196 morpo
1172 3139 1189 3184 t.

93 3197 204 3255 granatim
221 3196 331 3262 Lipsius
439 3200 453 3245 2
474 3199 559 3247 forsan
576 3195 606 3246 Is
711 3201 725 3247 3
745 3201 801 3250 uide
819 3201 852 3250 sis
871 3198 984 3252 incertus
1002 3201 1075 3266 apud
1087 3201 1189 3252 Hadri-

93 3264 188 3315 uidem
277 3261 340 3333 4‘s.
360 3269 470 3318 domum.
495 3262 546 3318 dffi’
567 3285 655 3336 morqo
673 3268 706 3323 L.
736 3271 828 3337 fipnra
846 3279 948 3338 sumpto
966 3289 983 3322 o
1001 3273 1084 3324 sernia
1095 3273 1189 3338 supiti-

93 3335 127 3385 uio
247 3355 376 3390 accersere
395 3341 502 3406 compsi,
521 3339 581 3391 item
599 3357 722 3392 arcessere
742 3341 888 3394 Iooobsiue:
906 3345 1023 3394 accedere
1043 3343 1110 3394 libri.
1148 3359 1188 3394 ac-

94 3408 136 3458 cire
151 3410 261 3462 incertus
279 3413 352 3476 apud
368 3411 564 3463 Hadrianidem
712 3417 726 3462 5
746 3416 777 3463 ab
795 3416 894 3480 incepto
914 3414 1015 3478 conieci,
1035 3417 1066 3464 ab
1085 3422 1188 3478 urgente

93 3477 202 3533 Bennoi
311 3485 470 3533 circuiturum
489 3483 515 3533 L
623 3487 846 3549 dsegrotorumt
955 3486 1077 3549 8ecquid
1096 3485 1189 3535 Iacob·

94 3550 139 3600 duo
244 3557 388 3619 dinquam‚
407 3571 466 3620 argo
485 3556 511 3605 L
627 3560 659 3605 12
678 3557 829 3622 Eumolpum
843 3565 877 3622 pt
995 3559 1027 3606 13
1046 3559 1188 3622 impendere

94 3624 176 3688 tempsi
193 3643 249 3677 cerm
268 3626 401 3676 Iacoboio:
419 3628 548 3692 imponere
568 3625 628 3678 libri
717 3644 762 3678 nos
781 3636 899 3679 nocentes
918 3627 1029 3680 Webiiur
1037 3646 1067 3696 p.
1080 3631 1116 3680 43

91 3703 144 3754 poet
158 3699 276 3748 adiuuerit
295 3697 513 3764 diotinpuenoium,
533 3714 604 3749 casus
624 3697 915 3764 deprouotnmoidetrcr
1007 3705 1039 3750 14
1059 3703 1189 3753 consilium

94 3764 163 3829 inquit
179 3777 352 3834 transponunt
364 3779 398 3835 pt
503 3772 640 3835 Eumolpus
653 3779 689 3835 pt
796 3775 827 3822 16
848 3789 945 3837 queque
964 3789 1054 3840 morpo
1073 3781 1084 3823 t

94 3838 166 3901 utique
183 3859 271 3908 otorpo
291 3849 301 3890 t
389 3843 429 3892 uel
447 3857 499 3892 non
517 3843 648 3893 dormienti
660 3842 685 3896 J.
699 3843 731 3894 F.
747 3844 908 3897 Gronouius:
926 3853 956 3896 ut
973 3861 1053 3896 unorn
1064 3846 1136 3897 nient
1148 3846 1188 3897 iro·

95 3905 331 3976 dicendumne
344 3929 400 3964 muno
412 3922 554 3964 statumine
651 3918 681 3964 ll
696 3917 810 3978 possitL
903 3919 1073 3982 fugaquoqoe
1087 3933 1188 3982 quaere-

94 3984 184 4034 retan
293 3987 324 4034 18
344 3986 502 4036 dilabendum
519 3985 593 4036 libri:
611 3986 758 4037 emerrdauit
768 3988 939 4040 Burmannus
1050 3992 1080 4040 19
1100 3993 1189 4056 guber-

95 4057 171 4105 nacula
188 4056 232 4107 scol
249 4058 279 4108 irr
296 4057 413 4123 morpirre
432 4059 569 4108 crrstodiem
589 4065 605 4107 t.
641 4067 762 4110 neutrum
780 4077 797 4110 o
814 4059 936 4112 Petronio
954 4061 1078 4126 scripturn

96 4121 123 4170 ‘20
134 4125 231 4194 Encolpi
239 4137 273 4194 pt
353 4133 385 4178 21
400 4137 524 4194 noctuque
536 4146 626 4196 morpo
639 4129 671 4195 L,
685 4131 792 4180 Donec:
804 4135 933 4198 noctisque
945 4132 1006 4185 libri
1086 4136 1120 4183 22
1132 4147 1188 4198 poa·

96 4201 148 4245 sott
249 4203 283 4250 23
304 4209 422 4251 conatum
439 4218 529 4270 nrcrqo
547 4203 573 4255 L
681 4205 715 4252 24
733 4205 807 4254 saluis
825 4203 851 4253 L
959 4205 1107 4255 ostendatt

97 4264 232 4334 liquidem
249 4271 314 4325 mibi
331 4280 474 4337 coopertum
580 4275 750 4344 impenderem
768 4275 815 4328 olii
833 4293 850 4327 o
869 4276 1003 4344 Potissono
1020 4274 1153 4332 meconi
