3078 4956
788 433 945 488 pannonii

414 597 446 652 ut
460 597 602 652 renovent
616 609 669 672 per
683 589 788 652 damna
802 591 919 652 famem.
950 589 1009 650 iam
1025 589 1168 652 Phasidos
1183 592 1261 652 unda

415 689 515 751 orbata
531 689 706 762 aetatibus,
722 697 863 767 mutoque
878 688 907 748 in
922 688 1007 750 litore
1021 696 1134 750 tantum

415 786 494 848 solae
509 786 630 848 desertis
646 787 796 867 adspirant
809 785 964 847 frondibus
980 804 1076 847 aurae.

414 903 470 947 nec
485 885 585 946 minor
598 883 629 945 in
645 903 749 965 campo
764 885 848 946 furor
863 891 922 955 est,
938 885 1087 964 emptique
1102 884 1230 957 Quirites

348 1000 382 1049 aa
417 984 453 1046 ad
468 983 605 1062 praedam
621 984 834 1062 strepitumque
848 984 920 1045 lucri
935 982 1072 1061 suffragia
1087 989 1210 1043 venunt.

415 1080 523 1144 venalis
539 1080 681 1160 populus,
697 1082 805 1143 venalis
821 1083 899 1144 curia
914 1090 1040 1161 patrum.

415 1186 460 1241 est
474 1180 556 1240 favor
570 1178 599 1240 in
615 1180 718 1259 pretio.
747 1180 868 1241 senibus
881 1198 998 1260 quoque
1012 1179 1102 1240 libera
1117 1179 1207 1240 virtus

415 1277 572 1350 exciderat,
589 1278 759 1358 sparsisque
775 1277 882 1357 opibus
898 1293 1038 1338 conversa
1054 1284 1197 1355 potestas,

413 1375 536 1455 ipsaque
550 1377 686 1438 maiestas
701 1394 773 1438 auro
790 1383 928 1456 corsupta
942 1374 1061 1436 iacebat.

348 1488 381 1538 45
415 1472 532 1553 pellitur
547 1495 562 1536 a
577 1474 687 1554 populo
702 1474 795 1536 victus
811 1474 895 1548 Cato;
910 1474 1022 1535 tristior
1035 1473 1082 1534 ille
1096 1481 1156 1544 est,

416 1570 465 1651 qui
480 1573 563 1646 vicit,
578 1574 730 1652 fascesque
745 1571 837 1651 pudet
850 1573 982 1651 rapuisse
997 1573 1108 1634 Catoni.

419 1672 554 1751 [namque
569 1671 626 1732 hoc
641 1670 793 1732 dedecoris
808 1671 919 1750 populo
935 1689 1111 1750 morumque
1125 1672 1219 1746 ruina]

416 1786 477 1830 non
492 1768 584 1830 homo
599 1770 702 1850 pulsus
719 1777 795 1842 erat,
811 1770 907 1830 sedin
924 1786 983 1829 uno
998 1769 1072 1830 ricta
1087 1776 1218 1849 potestas

416 1868 641 1948 Romanumque
656 1869 755 1929 decus.
787 1885 874 1945 quare
889 1875 949 1928 tarn
964 1868 1078 1947 perdita
1093 1868 1185 1929 Roma

391 2013 614 2020 .-..-.-—-.-—--

315 2083 415 2148 Aqu,
434 2085 559 2134 lictoribus
577 2083 606 2134 F
722 2085 833 2134 nendunt
851 2099 950 2133 omnes:
969 2085 1079 2134 condunt
1096 2100 1185 2148 usurpo
1204 2090 1277 2132 tneo
1295 2081 1417 2132 dissidere

315 2189 344 2240 E
359 2189 475 2240 traditur
594 2191 717 2240 conchilia
735 2189 862 2253 AFMRs,
880 2155 995 2240 conchilia
1015 2187 1039 2237 G
1157 2205 1215 2239 ceas
1233 2187 1269 2253 A‚·
1286 2205 1372 2240 scenas
1390 2187 1417 2236 M

389 2264 401 2309 1
422 2268 578 2309 renononent
596 2261 639 2310 uel
655 2269 808 2311 renononent
826 2262 868 2324 B,
886 2272 1016 2312 remouens
1034 2259 1144 2324 Adra,
1163 2269 1276 2310 remanet
1294 2262 1330 2324 D,
1349 2275 1416 2310 reno·

316 2337 377 2381 nant
395 2329 430 2379 M
533 2333 642 2397 dampna
660 2331 740 2382 MPR
847 2333 899 2382 faiis
917 2333 943 2382 P
1047 2332 1188 2381 Phasianae
1206 2331 1344 2396 morqoM

315 2397 427 2468 phasidis
446 2402 499 2452 Mat
605 2408 667 2453 hora
685 2404 720 2453 M
823 2408 838 2454 2
858 2409 1002 2466 mutatoque
1023 2401 1046 2452 G
1151 2404 1233 2452 littore
1251 2403 1343 2453 AGMt
1447 2425 1452 2436 ¹

315 2483 417 2525 cautum
436 2473 581 2525 Polmerius
689 2478 703 2524 3
723 2477 850 2540 adspirant
864 2491 915 2540 per
932 2477 948 2524 d
965 2475 991 2524 B
1099 2490 1174 2524 ausae
1186 2474 1344 2540 florileqiuna

316 2550 331 2596 4
351 2547 420 2596 furor
435 2543 454 2596 V
469 2549 592 2612 emptique
612 2547 710 2610 quirites
726 2543 746 2596 V
762 2555 799 2596 est
817 2548 849 2601 A.
887 2555 923 2596 est
941 2562 988 2598 ona.
1007 2544 1036 2595 F
1050 2544 1170 2596 additum
1188 2545 1217 2595 in
1234 2547 1351 2612 marqine

315 2620 439 2682 emptique
463 2619 499 2669 sic
523 2617 684 2668 ABFuLR.
727 2627 873 2681 emptasque
899 2619 1005 2678 Quirites
1024 2617 1123 2667 Daniel
1145 2617 1279 2681 appellens
1302 2615 1418 2682 Ser-pium

316 2690 389 2740 euius
407 2690 574 2741 testimenium
585 2690 744 2755 sraqrnentis
762 2688 891 2752 adscripsi
908 2706 934 2739 n.
953 2687 1044 2737 XXII
1140 2692 1218 2738 5-9
1238 2688 1313 2738 hebet
1323 2688 1419 2756 floride·
1518 2731 1519 2748 ,

312 2761 384 2826 pium
401 2761 562 2820 Parisinuin,
583 2765 597 2810 5
618 2769 642 2810 et
660 2765 674 2810 6
694 2759 841 2810 Vincentius
858 2759 934 2811 Belu.
948 2761 964 2810 l.
977 2775 997 2811 s.
1034 2759 1078 2810 lios
1098 2758 1161 2809 duos
1180 2768 1292 2825 usurpat
1309 2760 1418 2809 Ioannes

315 2829 419 2884 Soresd.
433 2830 488 2895 pol.
513 2830 591 2881 VIII
608 2835 640 2881 15
655 2847 684 2894 p.
699 2834 752 2882 302
889 2833 1063 2895 strepitumque
1081 2830 1113 2883 L.
1149 2823 1198 2895 q'ue
1217 2848 1264 2881 orn.
1283 2831 1317 2894 F,
1331 2839 1418 2895 postea
1518 2857 1519 2870 t

316 2901 436 2952 additum
454 2902 482 2951 in
501 2901 536 2950 M
638 2904 747 2967 sufragia
765 2902 791 2953 Ii
899 2903 970 2952 uertit
981 2901 1147 2968 florileqium,
1167 2900 1323 2966 Vincentius,
1342 2902 1418 2952 Ioan-

315 2987 368 3022 nes.
405 2973 517 3021 uendnnt
535 2973 619 3023 Lour.
638 2972 715 3023 Velle
805 2976 870 3023 dds
889 2975 1013 3038 suffragiis
1032 2981 1057 3023 et
1075 2975 1139 3023 uotis
1157 2969 1196 3024 Rd
1215 2991 1303 3040 morpo
1321 2973 1356 3022 M

315 3044 384 3093 curis
407 3045 515 3107 primum
540 3041 688 3094 Vincentius
710 3052 735 3093 et
757 3044 880 3094 (leudaste
905 3052 963 3094 teste
987 3044 1098 3094 Iceobaoa
1122 3045 1215 3112 Moqni
1232 3045 1333 3110 Zopdil.
1358 3044 1383 3094 V
1396 3047 1418 3105 3,

322 3113 400 3163 VIII
415 3118 431 3165 6
540 3119 553 3164 'l
575 3123 600 3164 et
613 3114 645 3167 Ε.
683 3113 897 3176 enSteeoecdius;
921 3126 945 3165 et
963 3117 1034 3165 fauor
1046 3117 1072 3165 in
1084 3118 1164 3181 pretio
1177 3127 1215 3167 est
1226 3117 1351 3166 Heinsius

316 3187 384 3236 furor
404 3185 428 3235 G
536 3186 619 3250 precio
638 3186 682 3236 uel
697 3187 796 3250 praecio
815 3186 917 3236 aaut
1037 3189 1052 3236 8
1072 3189 1163 3238 excidit
1182 3199 1206 3238 et
1224 3189 1315 3252 sparsis
1335 3189 1418 3251 opibus

308 3257 467 3326 florilepiuns
603 3258 729 3321 sparsique
750 3256 780 3307 G.
818 3260 943 3324 partisque
961 3266 1115 3310 memoratus
1134 3259 1166 3309 eh
1185 3258 1355 3314 Hadrianide
1375 3258 1418 3308 oli·

315 3330 373 3396 quis
482 3331 566 3380 diam
585 3344 683 3392 quoqne
701 3329 794 3395 Maqni
901 3342 1025 3394 magestas
1042 3329 1072 3380 F
1175 3338 1280 3395 corupta
1298 3330 1324 3380 P

312 3405 406 3454 iacebit
416 3401 575 3470 florilegium
598 3407 622 3451 et
640 3399 733 3466 Mepni
750 3399 829 3452 VIII
838 3408 863 3466 6,
882 3402 970 3451 iacebit
988 3401 1031 3452 uel
1047 3403 1139 3451 tacebit
1157 3400 1283 3453 Vincentia?
1295 3401 1419 3467 enenaplo-

1249 3483 1264 3510 n

315 3527 357 3578 ria
375 3527 443 3578 dune
461 3543 565 3578 uersum
582 3527 598 3579 l.
612 3543 632 3580 s.
651 3525 800 3591 adferentis,
818 3527 903 3576 latebit
920 3524 1014 3592 Magni
1031 3524 1081 3576 V3
1183 3529 1214 3578 tu
1233 3529 1313 3576 uictus
1327 3527 1352 3577 B

315 3601 345 3648 de
359 3599 473 3648 Cathone
485 3599 514 3648 in
525 3598 642 3664 maraine
655 3605 678 3647 et
689 3597 717 3648 in
729 3597 846 3648 uersibus
860 3599 935 3648 astho
948 3605 971 3647 et
982 3599 1083 3647 cathoni
1098 3597 1133 3646 M
1215 3599 1255 3648 ille
1268 3615 1334 3650 corr.
1348 3614 1380 3648 en
1392 3599 1418 3646 ile

317 3668 348 3719 G.
367 3667 544 3719 illoHeiruius
618 3672 649 3718 11
671 3665 783 3719 uicitM
867 3669 982 3732 facesque
995 3667 1020 3717 B
1095 3672 1126 3718 12
1141 3669 1281 3718 insiticium
1293 3667 1420 3719 iudicauit

316 3737 523 3812 Brouelelaup'as:
550 3756 657 3804 namque
676 3741 702 3808 (o
721 3742 850 3802 dedecora,
870 3754 884 3788 o
903 3741 987 3804 populi
1006 3756 1152 3804 morumque
1170 3741 1266 3802 ruinae)
1288 3740 1418 3799 Heium,

315 3823 423 3871 namque
450 3810 499 3858 hac
527 3811 655 3874 degeneris
678 3813 763 3877 populi
786 3827 931 3874 morumque
956 3811 1027 3860 ruina
1054 3810 1084 3861 G.
1103 3810 1271 3862 Hei-mannus
1298 3811 1418 3862 laudctut

315 3879 452 3929 Moeselero
470 3881 646 3944 quaestionrnn
660 3899 692 3948 p.
712 3886 728 3933 6
844 3897 943 3945 nanque
961 3881 1037 3932 Fun
1082 3902 1085 3909 ·
1153 3885 1204 3932 hoc
1223 3900 1270 3932 orn.
1291 3881 1315 3932 G

316 3952 430 4000 dedecori
437 3949 487 4013 Lp,
497 3949 675 4003 Memmianus:
682 3947 721 4004 ‘in
731 3953 764 4005 ol.
772 3969 798 4004 u.
809 3946 946 4004 dedecoris’
957 3970 1047 4019 morqo
1053 3952 1086 4018 L,
1099 3953 1135 4003 sic
1143 3953 1417 4005 ABC'DEFGMPM.

316 4023 423 4071 dedecus
446 4030 482 4070 est
506 4024 591 4085 populi
615 4040 672 4075 eum
695 4023 827 4088 Stephano
852 4033 876 4086 t;
902 4026 1016 4075 dedecori
1035 4033 1072 4074 est
1090 4025 1218 4075 Antonius
1334 4030 1366 4075 la
1385 4031 1418 4074 set

315 4091 402 4143 FGM
533 4105 606 4158 Auno
631 4096 698 4145 uicta
715 4098 875 4164 potestsasqin
895 4098 928 4148 A.
964 4098 988 4145 in
1009 4112 1056 4149 oon.
1078 4095 1177 4146 ODFG
1322 4100 1356 4146 14
1375 4109 1417 4160 que

316 4163 408 4218 orn.G
516 4164 600 4213 iamt
638 4181 697 4214 ase
715 4165 839 4217 Heinsius
951 4157 992 4217 ‘in
1010 4167 1043 4217 ol
1062 4184 1088 4220 u.
1108 4160 1253 4232 e.·prodits’
1274 4183 1364 4235 moryo
1382 4167 1417 4224 L,-

316 4235 353 4292 sic
368 4227 452 4288 ‘nutu
470 4249 502 4285 ea
520 4233 631 4302 serapim,
650 4235 715 4288 ulter
733 4237 810 4287 etiam
827 4236 954 4306 Scoliqmri
972 4237 1052 4290 eodan
1070 4234 1178 4303 prodite’
1199 4238 1324 4290 Heinsius
