3008 4962
301 445 342 508 42
777 442 932 496 Pnuuoltn

300 600 397 678 itaque
423 597 558 676 proxime
584 597 753 660 cenaculum
780 598 837 658 hoc
855 599 939 660 titulo
960 601 1152 680 proscripsit:
1175 593 1234 665 “C.
1250 603 1430 683 Pompeinsu

300 697 445 775 Diogenes
457 715 491 756 ex
504 695 633 756 kalendis
643 695 720 756 luliis
732 695 900 758 cenaculum
912 697 1003 772 loeat;
1014 698 1079 778 ipse
1091 700 1169 761 enim
1183 702 1307 762 domum
1317 692 1406 762 emit''

248 863 252 872 ,
291 796 368 876 *quid
386 794 431 856 ille
446 794 636 874 qui'lihertini
652 794 717 856 loco
733 795 819 866 iacet,
840 813 926 874 quam
943 795 1018 856 bene
1033 815 1065 857 se
1080 799 1190 860 hahuit.
1221 819 1283 862 nan
1299 801 1405 879 impro-

300 912 371 974 pero
392 894 441 954 illi.
472 893 640 954 sestertium
664 911 750 954 suum
774 892 843 954 vidit
864 894 975 964 dacica,
1000 896 1050 956 sed
1074 898 1148 958 male
1172 898 1321 960 vacillavit.
1351 916 1406 958 non

300 1001 373 1074 puto
388 992 467 1054 illum
484 990 603 1071 capillos
618 991 728 1052 liberos
744 991 862 1064 habere,
884 1011 936 1054 uec
952 993 1132 1056 mehercules
1149 1015 1202 1056 sua
1219 999 1322 1076 cailpa3
1344 998 1403 1076 ipsc
1420 1005 1431 1052 5

301 1092 377 1154 enim
405 1093 496 1154 humo
521 1089 625 1152 melior
649 1106 710 1149 non
737 1098 795 1164 est3
821 1091 871 1152 sed
897 1091 992 1154 liherti
1017 1092 1151 1154 scelerati
1177 1096 1227 1173 qui
1255 1097 1355 1158 omnia
1376 1096 1406 1156 ad

302 1212 334 1253 se
354 1191 493 1252 fecerunt.
523 1189 597 1250 scito
618 1197 730 1251 auum:
751 1190 900 1250 sociorum
925 1189 981 1250 olla
1000 1193 1076 1253 male
1089 1192 1196 1266 fervet,
1212 1201 1241 1255 et
1257 1195 1307 1255 uhi
1323 1193 1406 1254 semel

302 1310 349 1352 res
364 1289 501 1350 inclinata
516 1295 569 1360 est,
585 1288 669 1349 amici
685 1288 720 1348 de
736 1289 842 1352 medic.
872 1296 1002 1367 atquem
1015 1291 1170 1352 honestam
1183 1293 1406 1370 negotiationem

302 1386 437 1459 exercuit,
453 1387 531 1466 quod
544 1386 625 1447 illum
642 1385 685 1446 sia
699 1385 803 1447 vides?
828 1387 1004 1450 libitinarius
1019 1389 1084 1450 fuit.
1108 1389 1224 1452 solebat
1239 1390 1284 1452 sic
1299 1409 1406 1462 cenare,

302 1485 452 1566 quomodo
468 1503 531 1546 rex:
547 1503 636 1562 apros
652 1491 841 1564 gausapatcs,
858 1504 947 1564 opera
962 1486 1095 1566 pistoria,
1111 1489 1180 1562 avis,
1197 1507 1298 1563 accos,
1315 1490 1405 1569 pisto·
1422 1495 1444 1544 lt

302 1603 360 1646 res,
388 1585 454 1663 plus
469 1583 527 1646 vini
543 1583 598 1645 suh
614 1601 716 1645 mensa
732 1583 946 1658 effundebatur,
961 1603 1048 1664 quam
1064 1585 1167 1664 aliquis
1183 1587 1214 1647 in
1230 1587 1300 1648 cella
1317 1587 1406 1648 hahet.

300 1682 438 1756 fantasia,
460 1701 520 1744 non
535 1683 635 1744 homo.
665 1682 809 1743 inclinatis
830 1701 947 1762 quoque
961 1682 1050 1743 rebus
1067 1684 1143 1756 suis,
1161 1704 1228 1746 cum
1244 1686 1362 1748 timeret
1375 1703 1407 1746 ne

301 1783 459 1844 creditores
475 1782 555 1842 illum
571 1781 745 1842 conturbare
760 1781 970 1855 existimarent,
985 1783 1042 1842 hcc
1056 1783 1139 1844 titulo
1156 1785 1325 1846 auctionem
1341 1803 1406 1864 pro-

301 1882 432 1963 scripsit:
441 1872 592 1942 “T.luhus
601 1880 744 1942 Proculus
757 1879 922 1941 auctionem
934 1881 1124 1944 lacietrerum
1133 1873 1407 1960 superuacuarum.'’

247 1982 286 2043 39
387 1979 576 2058 interpellavit
597 1987 656 2040 tarn
678 1977 775 2039 duces
794 1977 912 2039 fabulas
927 1977 1117 2055 Trimalchi0;
1136 1998 1206 2042 nam
1229 1982 1288 2042 iam
1311 1982 1405 2044 subla·
1422 1989 1444 2038 lt

303 2086 365 2141 tum
387 2084 449 2140 erat
462 2077 619 2148 ferculum,
640 2075 805 2154 hilaresque
820 2076 952 2138 convivae
967 2076 1034 2136 vino
1051 2079 1300 2160 sermonibusque
1317 2079 1408 2160 puhli-

303 2177 373 2239 oatis
398 2193 517 2256 operam
540 2181 697 2253 coeperant
717 2175 794 2234 dare.
829 2174 854 2235 is
875 2193 943 2254 ergo
964 2175 1119 2238 reclinatus
1141 2178 1171 2239 in
1194 2168 1409 2239 cubitum‘hoc

302 2267 417 2337 vinnm'
443 2272 538 2352 inquit
559 2262 628 2332 ‘vos
650 2279 768 2352 oportet
787 2292 873 2334 suave
893 2274 1014 2336 faciatis.
1044 2276 1140 2354 pisces
1160 2283 1261 2337 natare
1282 2285 1407 2357 oportet

302 2392 385 2453 rogo,
402 2392 449 2433 me
464 2372 572 2452 putatis
589 2372 635 2433 illa
652 2390 723 2432 cena
739 2390 804 2432 esse
819 2380 998 2448 contentum,
1014 2391 1100 2452 quam
1117 2374 1147 2434 in
1161 2375 1245 2436 theca
1261 2376 1407 2455 reposito-

302 2475 336 2537 rii
352 2470 512 2535 videratis?
524 2462 593 2533 “sic
607 2479 694 2532 notus
707 2461 847 2531 Vlixes‘?”
874 2470 943 2550 qnid
958 2490 1028 2550 ergo
1044 2469 1113 2533 est?
1130 2480 1247 2552 oportet
1263 2474 1352 2535 etiam
1364 2474 1406 2534 in·
1421 2483 1446 2533 tt

302 2582 347 2635 ter
363 2573 524 2635 cenandum
537 2571 725 2653 philologiam
741 2586 839 2628 nosse.
863 2577 988 2648 patrono
1005 2588 1072 2630 meo
1085 2590 1154 2632 ossa
1166 2571 1240 2632 hene
1253 2573 1410 2651 quiescant,

303 2673 352 2753 qui
372 2691 419 2732 me
439 2673 588 2733 hominem
611 2672 687 2732 inter
705 2668 844 2730 homines
865 2667 955 2729 valuit
974 2661 1047 2728 esse.
1076 2686 1145 2729 nam
1166 2669 1238 2730 mihi
1257 2670 1330 2731 nihil
1345 2670 1410 2730 navi
1495 2665 1496 2712 l

225 2755 228 2765 ’
301 2772 523 2852 potestatium,
545 2770 621 2830 sicut
635 2769 681 2830 ille
696 2768 834 2831 fericulus
850 2768 906 2828 iam
923 2766 1025 2828 hahuit
1039 2768 1162 2845 praxim.
1194 2768 1289 2830 caelus
1306 2769 1368 2844 hic,
1384 2769 1410 2829 in

303 2922 371 2931 υ...-
378 2924 409 2931 .-
415 2924 544 2930 ----.--—--
564 2923 601 2929 ω-

379 2995 557 3041 lcenaculum
575 2991 681 3055 scripit:
700 3007 757 3040 cum
776 2991 811 3041 H.
848 3005 937 3040 cecum
949 2989 1165 3043 IacGranouiua
1262 2992 1326 3043 uH

304 3062 433 3115 ilocaH.
452 3062 660 3113 locabitGoesiue
751 3060 855 3112 3th
931 3063 1043 3111 libertino
1054 3062 1178 3112 Heinsius
1262 3067 1411 3130 impropero.

302 3133 534 3186 illeHadaianidea
618 3133 838 3185 4sexterciumH
918 3133 1135 3198 5ipseHaedin
1146 3136 1263 3200 marpine
1276 3139 1330 3200 ipso

304 3213 318 3258 6
329 3199 513 3271 ‘auppdendum
524 3207 623 3256 suerunt
635 3208 659 3254 in
673 3200 754 3269 culpa'
770 3206 949 3268 Burmannus,
963 3221 1006 3271 epo
1019 3205 1103 3256 deesse
1116 3207 1206 3270 aliqua
1219 3224 1276 3257 cum
1285 3207 1411 3273 Salteffero

303 3280 416 3331 arbitror
524 3281 554 3328 ad
574 3292 653 3327 assem
672 3285 803 3327 secuerunt
816 3276 948 3340 Heinsius,
967 3279 1104 3327 edederunt
1118 3277 1225 3328 Gaeaiua
1336 3283 1410 3330 lcitc

302 3353 448 3419 Sahefferua
557 3351 791 3414 8ncgociationem
806 3348 840 3398 H
943 3351 1045 3400 emtas
1061 3365 1107 3414 ene
1121 3350 1265 3399 libitinarius
1279 3350 1314 3400 H
1327 3359 1410 3402 alexa

301 3428 367 3477 ana-le
385 3424 520 3490 repetitum
539 3440 570 3474 eac
590 3423 700 3473 exercuit
713 3420 847 3472 deleretur.
885 3436 942 3471 acce
955 3418 1100 3485 Scheffemia
1213 3425 1241 3470 10
1261 3438 1359 3472 cannes
1370 3439 1410 3486 pu-

303 3507 353 3548 stca
371 3497 497 3548 Heinsius
593 3511 668 3559 opera
681 3495 782 3558 pistoria
792 3492 929 3559 plantatori
941 3492 1075 3542 Iocabaiua
1088 3491 1177 3541 tribuit
1265 3495 1320 3542 auis
1340 3509 1410 3544 cocos

303 3568 461 3634 Schefferua:
481 3570 601 3629 uiscoccs,
614 3583 666 3616 non
678 3568 792 3615 uiscouos
802 3564 838 3616 H.
866 3580 975 3628 aucupes
988 3580 1081 3627 coquos
1094 3560 1228 3628 Heinsius,
1247 3566 1313 3614 cacia
1327 3580 1411 3615 ceruos

303 3640 431 3689 euhantuit
448 3638 577 3688 Reialeiue.
616 3655 651 3688 an
663 3640 716 3688 auis
731 3639 847 3702 [cocleas
861 3637 943 3685 alebat
955 3636 1074 3699 aucupes]
1089 3635 1187 3685 cocos?
1277 3639 1411 3699 piscatores

303 3717 368 3759 recte
381 3718 410 3759 ut
421 3710 513 3772 opinor
525 3709 657 3771 Heinsius,
669 3711 749 3772 pisces
761 3712 856 3772 lepores
866 3707 986 3757 Reielaiue
1060 3710 1214 3756 tamensem
1220 3707 1411 3768 Hadrianides

304 3778 394 3844 aedas.
410 3783 514 3844 copam
597 3779 930 3844 nuntaliusiaf.p.40,8
1016 3782 1048 3828 12
1063 3780 1168 3827 fantasia
1179 3777 1225 3828 sed
1237 3787 1266 3828 ut
1277 3781 1347 3843 phun
1360 3779 1412 3829 alio

303 3867 395 3900 manue
407 3850 618 3915 superacaipeerit
628 3858 651 3899 et
662 3849 691 3899 in
700 3852 817 3916 marpine
831 3853 961 3914 phantasia
974 3849 1014 3899 H:
1028 3851 1176 3914 phantasma
1185 3848 1340 3914 Schefferua,
1353 3854 1412 3916 phu·

304 3924 371 3985 gesia
384 3921 525 3986 Iacohaiua
539 3923 673 3985 pandaesia
687 3921 810 3972 Trillemou
903 3926 933 3971 13
947 3923 1088 3973 auctionem
1098 3919 1255 3985 Sclreffeauc:
1268 3925 1412 3972 caucionem

305 3992 339 4042 H
443 3997 474 4042 14
493 3995 523 4042 T.
543 3993 586 4043 uel
603 3993 632 4045 C.
647 4009 806 4056 praenomen
825 3993 957 4045 intercidit
1066 3995 1096 4042 15
1116 3993 1324 4056 interpellabitH

308 4064 339 4117 19
359 4064 594 4128 conieci'putabatis
702 4073 871 4130 contemptum
890 4065 924 4114 H
1023 4073 1079 4114 teca
1097 4063 1130 4113 II
1233 4068 1266 4114 20
1286 4068 1321 4115 sic
1342 4075 1411 4114 notus

305 4137 408 4185 Vlixes?
432 4135 582 4202 Verpiliuna
600 4134 664 4187 Aen.
685 4135 722 4184 ΙΙ
738 4141 773 4184 44
894 4139 926 4185 23
945 4137 1059 4186 fericulus
1078 4138 1128 4186 iam
1146 4135 1252 4199 scripsi.-
1272 4138 1412 4187 fericulusta

305 4210 354 4259 mel
364 4207 399 4262 Η.
412 4207 541 4274 feliculae
555 4207 737 4257 Trimalchioni
746 4207 906 4272 proferendo
918 4216 961 4270 eet,
974 4215 1003 4256 ut
1014 4207 1076 4260 LF.
1085 4206 1231 4258 Granouiue
1240 4207 1413 4272 Heineiuspue

305 4279 429 4332 uiderant
446 4297 554 4348 quorum
573 4279 614 4328 ille
638 4287 721 4328 tamen
745 4280 833 4328 hahuit
857 4280 975 4342 gratiam,
1000 4278 1041 4329 laic
1059 4281 1140 4330 lucem
1159 4295 1174 4328 a
1192 4295 1232 4329 ure
1251 4281 1338 4329 habuit
1356 4296 1410 4346 pro-
