3078 4956
328 450 390 516 202
799 448 956 503 rurnonn

863 615 884 655 a
1457 606 1479 660 L

411 690 544 754 noudum
560 689 720 771 querellam
736 690 881 766 finieram,
896 709 963 754 cum
979 690 1097 772 Chrysis
1112 693 1266 755 intervenit
1280 673 1440 773 amplexu·

328 809 385 871 que
399 790 578 854 effusissimo
595 807 642 850 me
658 788 764 852 invasit
778 797 807 852 et
817 781 918 853 ‘teneo
930 780 971 852 te'
986 783 1219 872 inquit‘qualem
1231 807 1440 870 speraveram:

327 898 359 954 tu
375 890 552 952 desiderium
568 905 676 961 meum,
692 895 725 950 tu
736 889 870 969 voluptas
882 906 958 962 mea,
974 905 1124 968 nunquam
1138 889 1222 950 finies
1234 890 1313 952 buno
1324 890 1442 969 ignem,

328 989 386 1050 uisi
403 988 544 1068 sauguine
558 977 727 1049 extinxeris'

856 1083 888 1122 ··lt·

412 1177 489 1222 unus
505 1177 539 1220 ex
553 1157 674 1219 noviciis
691 1157 812 1219 servulis
830 1157 927 1218 subito
943 1156 1068 1220 accurrit
1082 1157 1193 1219 etmihi
1205 1157 1360 1222 dominum
1373 1159 1439 1222 ira·
1458 1171 1474 1219 5

327 1258 474 1320 tissimum
493 1275 558 1319 esse
577 1255 744 1330 affirmavit,
765 1254 844 1334 quod
865 1253 953 1317 biduo
970 1255 1029 1316 iarn
1044 1254 1141 1316 officio
1157 1255 1325 1320 defuissem.
1356 1264 1441 1320 recte

327 1375 397 1436 ergo
413 1374 460 1417 me
475 1356 630 1431 facturum,
646 1354 671 1415 si
686 1353 901 1414 excusationem
917 1353 1041 1434 aliquam
1053 1353 1188 1416 idoneam
1199 1374 1438 1436 praeparassem.

327 1456 374 1517 vix
389 1454 467 1516 enirn
482 1471 572 1537 pesse
588 1451 658 1526 lieri,
674 1458 706 1513 ut
720 1449 814 1512 rabies
829 1450 980 1514 irascentis
996 1452 1060 1513 sine
1074 1453 1193 1516 verbere
1208 1455 1379 1518 consideret

867 1563 887 1603 a

260 1641 319 1703 140
412 1645 545 1700 mairona
561 1637 637 1700 inter
647 1637 758 1717 primas
770 1636 906 1710 honesta,
922 1637 1083 1699 Philomela
1094 1639 1225 1712 nomine,
1241 1657 1314 1720 quae
1327 1640 1438 1702 multas

329 1754 416 1815 saepe
435 1735 610 1798 hereditates
631 1735 728 1797 ollieio
748 1735 850 1798 aetatis
871 1743 1046 1811 extorserat,
1064 1743 1129 1797 tum
1149 1755 1223 1798 anus
1239 1741 1268 1798 el
1282 1737 1365 1800 lloris
1383 1758 1436 1800 ex·
1458 1749 1489 1799 10

327 1833 424 1908 tincti,
438 1833 529 1895 lilium
545 1835 691 1916 filiamque
707 1833 856 1913 ingerebat
871 1833 951 1896 orbis
967 1833 1097 1908 senibus,
1113 1843 1143 1896 et
1156 1853 1209 1915 per
1222 1835 1299 1896 banc
1313 1853 1439 1897 succes·

328 1932 443 1994 sienem
459 1940 551 1994 artem
567 1952 651 1995 suam
668 1931 870 2013 perseverabat
884 1932 1047 1995 extendere.
1077 1951 1110 1994 ea
1124 1951 1194 2014 ergo
1207 1933 1242 1996 ad
1254 1933 1437 2014 Eumolpum

327 2031 406 2093 venit
426 2039 454 2093 et
474 2031 679 2093 commendare
699 2032 807 2094 liberos
828 2050 900 2094 suos
921 2031 985 2094 eius
1000 2032 1171 2112 prudentiae
1186 2032 1369 2112 bonitatique
1386 2079 1394 2093 .
1409 2079 1437 2094 ..

328 2129 446 2192 credere
461 2149 493 2192 se
508 2138 537 2193 et
549 2137 614 2193 rota
629 2149 690 2193 sua.
720 2131 802 2193 illum
818 2149 884 2194 esse
899 2131 996 2193 solum
1011 2130 1042 2193 in
1054 2137 1117 2193 toto
1130 2131 1202 2194 orbe
1213 2137 1368 2208 terrarum,
1386 2131 1439 2212 qui

326 2228 490 2310 praeceptis
509 2230 597 2292 etiam
618 2229 782 2293 salubribus
802 2229 947 2293 instruere
967 2231 1086 2292 iuvenes
1106 2230 1236 2311 quotidie
1254 2238 1366 2310 posset.
1399 2231 1435 2292 ad
1455 2244 1484 2294 15

329 2345 487 2403 summam,
502 2327 665 2408 relinquere
681 2345 713 2390 se
727 2345 836 2411 pueros
851 2329 882 2392 in
898 2329 988 2390 domo
1004 2327 1150 2408 Eumolpi,
1166 2335 1199 2390 ut
1213 2328 1294 2391 illurn
1308 2327 1438 2408 loquen-

327 2433 386 2488 tem
403 2425 549 2501 audirent,
565 2445 638 2507 quae
653 2426 715 2488 sola
729 2436 834 2507 posset
849 2428 996 2490 hereditas
1011 2425 1166 2489 iuvenibus
1181 2426 1252 2489 dari.
1283 2443 1339 2488 nee
1352 2426 1438 2489 aliter

326 2525 395 2587 lecit
409 2544 443 2586 ac
457 2524 578 2603 dixerat,
593 2525 741 2605 filiamque
755 2525 1005 2606 speciosissimam
1020 2525 1191 2588 cumfratre
1206 2525 1321 2605 ephebo
1337 2525 1367 2586 in
1384 2543 1437 2588 cu-

328 2623 425 2686 biculo
440 2625 557 2705 reliquit
571 2625 773 2705 simulavitque
787 2643 820 2687 se
834 2626 865 2687 in
881 2625 1024 2706 templum
1039 2623 1081 2685 ire
1095 2623 1132 2684 ad
1146 2629 1213 2684 rota
1228 2625 1437 2704 nuncupanda.

327 2723 505 2803 Eumolpus,
527 2722 576 2804 qui
595 2730 657 2785 tarn
676 2722 753 2802 frugi
774 2730 835 2786 erat
853 2729 886 2785 ut
905 2723 945 2784 illi
965 2722 1051 2784 etiam
1066 2739 1119 2801 ego
1135 2739 1209 2802 puer
1223 2721 1350 2794 viderer,
1372 2737 1436 2782 non
1453 2729 1484 2779 tt

328 2820 441 2891 distulit
460 2822 587 2903 puellam
606 2821 727 2885 invitare
746 2820 782 2882 ad
802 2820 940 2901 pigiciaca
959 2840 1051 2883 sacra.
1082 2820 1133 2882 sed
1154 2828 1184 2882 et
1196 2819 1388 2900 podagricum
1405 2839 1436 2881 se

401 3069 415 3117 3
434 3082 519 3118 meum
537 3084 585 3121 orn.
599 3085 621 3134 p
711 3070 728 3118 t
747 3075 798 3118 tres
815 3067 948 3120 mterhcoa
965 3069 993 3118 iu
1011 3082 1095 3118 oacrio
1113 3081 1193 3118 aerea
1210 3068 1235 3117 L
1253 3066 1336 3130 babet,
1354 3083 1437 3117 unam

323 3146 357 3204 pt
473 3141 487 3188 5
507 3141 606 3188 nouitiis
624 3137 684 3190 libri
790 3142 928 3190 accucurrit
947 3139 1120 3190 Goldaatiaoa
1228 3144 1241 3188 'l
1257 3138 1347 3204 potius
1364 3155 1437 3204 prae-

327 3225 442 3275 pararem
532 3212 547 3260 8
567 3211 680 3260 considat
699 3210 870 3262 Goldaetiana
958 3211 1054 3262 lacwaa
1071 3210 1100 3260 in
1118 3209 1190 3260 libris
1209 3210 1292 3276 qualia
1310 3227 1336 3264 u.
1356 3213 1373 3259 4

326 3286 343 3333 a
363 3283 501 3333 Philomela
514 3289 562 3348 pt.-
579 3283 729 3332 Philumena
741 3282 773 3336 L.
792 3283 939 3333 Philumene
957 3299 1046 3349 margo
1063 3281 1096 3345 L,
1115 3282 1206 3348 aulam
1331 3284 1364 3331 10
1383 3287 1437 3331 tum

326 3371 416 3420 margo
434 3361 457 3404 t.-
475 3349 512 3404 tuh
529 3353 563 3417 L,
582 3362 667 3404 tamen
682 3361 720 3417 pt.
748 3355 850 3404 tandem
867 3371 957 3420 margo
974 3354 999 3404 L
1090 3355 1122 3402 18
1141 3354 1226 3403 uenire
1243 3350 1400 3404 Steuecliiae

327 3437 352 3476 et
369 3443 416 3478 one.
435 3424 616 3490 Menoeceos,
635 3425 771 3478 Boethius.
789 3433 818 3475 ut
836 3427 1023 3476 commendaret
1040 3423 1175 3475 Iacodeiaa
1310 3439 1370 3474 suos
1390 3441 1437 3477 one.

327 3497 507 3562 Memmianua,
527 3496 607 3548 codem
626 3498 734 3548 Dcaaae
847 3504 907 3548 ante
925 3499 977 3547 eius
995 3495 1089 3548 incidit
1105 3496 1244 3546 oraticnem
1262 3496 1295 3559 L,
1314 3504 1376 3545 ante
1395 3498 1438 3545 bo-

327 3571 446 3632 nitatique
461 3575 500 3633 pt.
538 3586 594 3620 aaa
618 3577 649 3619 at
666 3566 909 3635 cmnprebeadamaa
928 3568 1309 3632 commendare-bonitatique,
1328 3567 1438 3632 repea'ta

328 3641 382 3688 eiua
394 3638 513 3690 dictionis
525 3640 648 3691 memoria
660 3641 689 3692 ira
696 3657 726 3707 p.
737 3642 821 3706 20³‚4
834 3639 934 3691 euadat.
958 3641 1046 3705 itaque
1054 3647 1115 3704 poet
1125 3639 1278 3702 bonitatique
1290 3637 1439 3704 significant

328 3710 477 3762 lucernulam
495 3711 636 3778 quaesere
655 3712 694 3763 laia
713 3713 859 3777 captaretur
877 3713 970 3776 eoepit:
989 3720 1041 3760 tam
1059 3711 1159 3775 egregio
1178 3711 1232 3758 uiro
1250 3725 1277 3760 aa
1299 3725 1350 3760 non
1369 3711 1439 3760 dubi·

329 3790 381 3831 tare
399 3784 556 3836 concredere.
587 3783 705 3849 alioquin
722 3782 884 3834 aoaibeadum
902 3783 1077 3833 commendare
1095 3783 1179 3846 coepit
1190 3782 1279 3831 liberos
1296 3796 1367 3832 suos:
1387 3783 1438 3832 eiua

328 3853 472 3914 prudentiae
491 3856 644 3920 bonitatique
663 3856 763 3906 credere
781 3871 808 3905 ee
827 3869 883 3919 epae
902 3861 927 3904 et
944 3862 1004 3904 uota
1022 3869 1068 3903 aua
1085 3853 1114 3902 ia
1132 3851 1223 3918 quitus
1241 3868 1297 3917 epea
1313 3852 1439 3903 Heiouiaa

329 3922 431 3972 inuenit
566 3929 597 3976 15
618 3929 692 3980 etiem
713 3943 759 3980 orn.
778 3925 958 3977 Mcmmiaoaaa.
995 3941 1048 3974 aon
1066 3923 1180 3989 exemplo
1198 3923 1344 3974 natumsed
1363 3925 1439 3975 etiam

324 3994 473 4059 praeceptis
598 4001 677 4063 possit
695 3999 721 4048 L
849 4001 880 4047 16
901 4013 1026 4048 summurn
1043 3996 1137 4047 uitium
1154 3995 1319 4046 Antonianae

331 4068 362 4114 17
383 4071 442 4116 ante
466 4081 530 4130 quae
553 4071 607 4118 sola
630 4087 683 4121 nora
705 4069 793 4120 dubito
817 4069 882 4135 quire
905 4067 1084 4120 interciderint
1107 4065 1170 4117 tolia
1193 4073 1309 4132 agentem
1327 4067 1439 4118 uiderent

328 4138 412 4200 itaque
431 4137 462 4186 ad
482 4138 598 4202 uirtutem
620 4157 650 4191 ao
676 4143 824 4207 sapientiam
844 4142 998 4192 erudirentur
1140 4140 1252 4204 possita
1269 4153 1296 4188 ae
1313 4139 1438 4189 hereditas

328 4260 457 4322 ,Bartbiua
558 4265 591 4318 20
614 4222 670 4328 idon
689 4263 714 4315 L
822 4268 854 4314 21
874 4267 996 4333 pigiciaca
1013 4263 1057 4316 uel
1072 4264 1197 4330 Pigioiaca
1214 4261 1288 4316 libri:
1306 4265 1439 4330 pyqeeiaca
