3008 4962
292 628 365 688 enda
392 635 517 707 tempore
544 643 629 688 cenae
655 630 708 688 oin
723 629 834 706 poteris
852 626 933 687 ultro
951 628 1106 706 imperium
1128 625 1239 688 Tiberii
1257 629 1417 707 praqredi.
1485 645 1486 706 q

292 753 381 815 neque
408 738 590 796 contran'nm
609 745 650 796 est
669 736 745 816 quod
766 738 867 796 vinum
887 739 919 795 in
941 753 1010 796 cena
1036 735 1193 814 adponitur
1214 735 1419 816 Opimianum
1485 747 1486 756 ’

263 867 271 882 .
293 861 441 904 annornm
461 854 587 904 moenem:
613 847 756 904 nimirum
773 855 875 904 natum
901 862 978 904 anno
1000 845 1083 904 urbis
1103 842 1184 914 633,
1211 845 1366 926 diffluum
1386 848 1419 904 in

293 929 453 1032 ampliores
463 955 660 1031 se'qnatnmquc
668 954 795 1031 pittaciis
807 970 883 1012 anno
893 950 967 1025 733,
978 962 1046 1012 tunc
1054 955 1200 1030 potaturis
1211 951 1419 1032 depromeba-

292 1069 342 1121 tur
356 1060 554 1139 cnapatbeca,
571 1070 603 1120 ut
617 1063 731 1139 opinor,
748 1063 827 1120 eirca
841 1059 916 1120 idem
930 1059 1005 1120 illud
1019 1070 1129 1138 tempus
1144 1077 1198 1139 quo
1215 1060 1343 1121 nullum
1355 1064 1419 1120 iam

292 1186 350 1228 esse
366 1167 555 1248 Opimianum
575 1166 695 1229 Velleius
710 1167 880 1229 Patercnlus
899 1170 1021 1247 scripsit.
1053 1167 1133 1228 licuit
1150 1185 1219 1228 eero
1241 1170 1276 1227 in
1292 1168 1351 1229 boc
1366 1187 1416 1247 qe-

292 1294 361 1337 nere
374 1275 557 1356 fabularum,
573 1277 648 1355 quod
664 1294 814 1337 amorosa
829 1275 982 1337 subtilitate
998 1275 1126 1336 alienum
1139 1279 1303 1355 inqcnnam
1316 1281 1417 1357 scqui-

293 1395 342 1445 tnr
355 1385 547 1463 festivitatem,
563 1395 589 1444 et
603 1388 769 1464 antiquiora
784 1393 810 1444 et
821 1387 987 1463 posteriora
998 1383 1090 1463 paulo
1104 1383 1298 1462 neqliqcntius
1315 1387 1417 1446 admi·
1487 1379 1488 1450 l

293 1509 379 1554 scere.
403 1491 481 1552 velut
491 1511 521 1572 p.
536 1491 630 1564 148‚4
643 1497 697 1553 iter
707 1496 845 1573 facientes
857 1493 993 1552 dicuntur
1005 1509 1023 1551 o
1034 1490 1120 1550 vilico
1133 1495 1322 1570 quaesivisse,
1337 1494 1418 1572 qnod

293 1618 381 1678 penus
392 1603 592 1678 neqotiationis
604 1600 788 1663 Crotoniatae
796 1603 954 1682 praecipue
962 1599 1125 1679 probarent
1136 1607 1205 1678 post
1216 1601 1335 1662 attritas
1349 1601 1416 1662 bel·

294 1707 329 1768 lis
344 1707 546 1787 frequentibus
564 1729 650 1788 opes,
672 1720 819 1790 tamquam
840 1713 926 1770 etiam
945 1718 1005 1769 tum
1026 1711 1128 1768 civitas
1141 1707 1195 1768 illa
1209 1711 1240 1768 in
1256 1727 1334 1781 sna,
1351 1728 1415 1771 non
1488 1753 1489 1758 η

293 1819 325 1876 in
338 1816 441 1897 papuli
453 1815 581 1879 Romani
590 1829 728 1897 potestate
744 1829 828 1898 atque
843 1821 983 1879 universa
995 1814 1083 1878 ltalia
1097 1834 1156 1877 non
1173 1817 1285 1877 dudum
1300 1828 1415 1897 pacato

293 1936 371 1998 esset,
387 1936 454 2006 etp.
468 1927 518 1999 76,
534 1928 571 1986 10
584 1925 737 1987 Placemus
753 1924 998 1987 adulescentulum
1013 1943 1041 1984 se
1056 1924 1202 2002 qloriatur
1216 1927 1413 1987 incantando

291 2052 396 2115 parem
410 2052 470 2094 non
486 2033 619 2094 babuisse
633 2036 692 2094 nisi
704 2052 796 2094 unum
812 2033 953 2113 Apellam,
968 2032 1151 2112 familiarem
1167 2031 1319 2112 Celiqulue
1337 2035 1413 2096 cele-

294 2142 509 2222 berrimumque
528 2145 604 2202 inter
626 2140 758 2222 aequales
777 2142 946 2220 traqoedum
963 2139 1092 2217 (Cassius
1106 2139 1161 2201 Dio
1177 2139 1294 2202 tVtttt
1307 2143 1365 2218 5),
1387 2154 1414 2204 et
1489 2197 1490 2206 ,

290 2269 321 2330 p.
335 2249 385 2323 86,
405 2250 443 2310 19
466 2249 620 2311 Tn‘malcio
641 2253 755 2311 cantico
771 2253 869 2330 fertur
888 2250 1029 2311 lacerasse
1049 2248 1235 2321 Menecratis,
1256 2255 1283 2310 si
1301 2251 1351 2313 bic
1371 2263 1415 2313 est

294 2357 471 2420 Menecrates
486 2377 568 2438 quem
583 2357 779 2420 n'tbaraedum
791 2357 870 2419 Nero
882 2357 1103 2438 triumphalium
1114 2362 1249 2419 virorum
1257 2364 1412 2438 patrimo-

294 2470 342 2529 nia
359 2467 531 2547 aedibusque
552 2468 671 2529 donavit
686 2466 853 2546 (Suetonius
867 2465 993 2526 Neronis
1013 2485 1075 2545 cap.
1094 2465 1156 2543 30).
1187 2466 1343 2529 bracenam
1364 2480 1410 2530 ta·
1490 2499 1491 2514 .

293 2595 373 2650 men,
395 2595 460 2638 eccm
478 2595 539 2638 non
557 2579 679 2658 fortuito
701 2587 752 2638 out
766 2594 824 2658 per
843 2579 1021 2636 occasionem
1037 2575 1173 2636 deductus
1186 2578 1217 2635 in
1232 2581 1411 2638 memoriam

293 2685 374 2747 illins
387 2687 436 2748 sed
453 2685 582 2747 consulto
597 2696 623 2748 et
637 2697 772 2748 accurate
784 2703 849 2747 enm
860 2688 1085 2764 impuqnaturus
1099 2693 1178 2754 esset,
1193 2701 1254 2744 non
1264 2686 1411 2746 indicavit

293 2797 474 2856 nominatim.
505 2794 618 2874 infelici
631 2806 726 2856 autem
742 2813 812 2855 casu
828 2795 931 2855 accidit
944 2803 977 2854 nt
992 2792 1135 2853 coloniam
1150 2794 1182 2852 in
1196 2811 1255 2872 qno
1277 2793 1405 2856 Trimal-

222 2937 227 2945 ,
294 2906 338 2964 cic
349 2901 557 2981 Habinnasque
572 2905 700 2962 senionem
712 2900 913 2980 Auqustolium
928 2918 1047 2960 munere
1062 2899 1270 2980 funqebontnr,
1288 2907 1337 2963 cni
1347 2905 1406 2964 duo

293 3013 354 3072 viri
371 3010 476 3072 aediles
493 3019 655 3089 praeerant
668 3045 709 3052 --
725 3027 824 3088 nempe
842 3018 962 3087 praetor
978 3027 1008 3088 p.
1023 3009 1073 3080 77,
1091 3009 1131 3068 22
1151 3013 1248 3070 minus
1268 3022 1407 3072 accurate

291 3137 422 3180 summus
440 3121 628 3197 moqistratus
649 3118 866 3198 appellatur-
881 3133 940 3176 non
960 3119 1029 3177 satis
1050 3127 1126 3178 certo
1139 3121 1284 3195 possimus
1299 3119 1410 3200 euplo--

293 3245 372 3288 rare.
404 3230 501 3306 eptem
522 3229 686 3288 convictum
709 3225 923 3294 Trimaleionis,
944 3227 1002 3285 nisi
1018 3224 1127 3305 fallor,
1150 3235 1215 3286 ante
1234 3227 1308 3288 diem
1328 3226 1404 3288 1111.

294 3334 434 3397 kalendas
448 3333 610 3395 lanuarias
620 3351 715 3415 propa
730 3334 867 3413 oppidum
881 3336 914 3392 in
927 3333 1048 3412 praedia
1068 3336 1129 3393 cius
1145 3332 1275 3395 Cumano
1292 3338 1336 3414 (p.
1351 3336 1403 3407 61,

296 3445 340 3520 lp:
357 3463 430 3524 quae
445 3441 600 3524 appellatio
615 3445 680 3522 ipso
694 3442 808 3504 solitam
819 3440 1001 3502 insolentiam
1015 3441 1216 3503 Trimalcionis
1231 3448 1338 3522 aequit,
1354 3447 1407 3524 qui

291 3553 447 3633 praedium
466 3571 551 3614 snum
572 3571 590 3614 a
610 3552 764 3633 lonqinquo
781 3551 900 3632 oppido,
920 3569 979 3612 non
994 3570 1013 3612 o
1026 3554 1189 3631 propinquo
1205 3552 1299 3613 calceii
1312 3555 1402 3615 deno-

292 3664 417 3731 minari,
437 3670 469 3720 ut
489 3660 595 3722 scilieet
612 3661 685 3741 fines
703 3661 784 3722 illins
802 3669 901 3740 patere
921 3679 1009 3741 usque
1030 3661 1069 3722 od
1084 3659 1190 3722 Cumas
1206 3661 1399 3723 crederentur.

292 3789 362 3831 uam
374 3756 481 3830 Cumae
495 3768 579 3829 illam
593 3769 738 3830 colonium
752 3789 812 3831 non
826 3771 917 3849 [uisse
933 3770 965 3830 de
981 3788 1039 3848 qua
1055 3773 1192 3829 convivae
1204 3771 1400 3850 confabulan-

292 3889 342 3940 tur
359 3879 504 3958 prabatur
519 3895 550 3938 eo
567 3878 643 3956 quad
659 3876 755 3938 Gnosis
769 3897 799 3938 se
813 3880 873 3938 cuis
888 3877 979 3938 oeulis
993 3875 1137 3961 Sibqllom
1152 3878 1256 3939 cidisse
1268 3899 1298 3958 p.
1316 3881 1364 3952 56,
1381 3882 1400 3940 4

292 3990 376 4068 qnasi
394 4004 456 4048 rem
475 3989 599 4048 raritate
617 3985 772 4047 notabilem
795 3985 951 4046 Trimalcia
970 3987 1149 4064 pronuntiet
1184 3997 1293 4048 restant
1312 3992 1400 4068 iqitur

291 4099 322 4156 in
338 4113 393 4156 ora
409 4093 600 4174 Campaniae,
620 4097 758 4174 qnoniam
773 4097 947 4174 propincum
968 4093 1060 4155 littori
1075 4093 1169 4155 locum
1184 4106 1324 4156 secretum
1340 4095 1398 4156 iin-

292 4203 400 4286 colpias
420 4204 561 4265 conducit
575 4223 606 4283 p.
622 4203 673 4274 96,
694 4204 705 4262 1
726 4213 753 4263 et
765 4204 831 4266 inde
848 4203 997 4283 profectus
1013 4221 1044 4282 p.
1061 4202 1129 4276 120,
1149 4204 1182 4263 11
1207 4207 1329 4266 intravit
1343 4223 1397 4264 na-

291 4315 409 4393 oiqinm,
430 4330 520 4393 neque
534 4311 643 4393 procul
662 4331 680 4373 a
696 4311 794 4374 Cumis
808 4315 878 4374 sitae
893 4329 982 4392 neque
1003 4311 1115 4391 lonqius
1130 4311 1242 4374 cliniis
1257 4323 1284 4374 et
1298 4312 1398 4394 Capua

293 493 346 536 vm
430 511 435 518 ·
