3022 4956
567 455 710 507 snrrmn
1130 463 1189 523 145
1222 483 1225 488 >

57 612 74 662 L
89 615 119 668 ut
131 626 187 668 nos
204 608 268 670 sola
282 615 378 670 morte
393 609 625 690 coniungerent?
641 611 692 672 sed
707 629 769 672 non
783 612 907 673 crudelis
919 611 1038 675 lortuna
1050 614 1190 677 concedit.

87 724 149 766 ecce
163 705 222 767 iam
238 715 331 769 ratem
346 709 452 770 tluctus
469 716 585 783 evertet,
601 729 667 770 ecce
682 710 739 770 iam
752 711 901 790 amplexus
914 711 1072 772 amantium
1084 713 1190 774 iratum

88 803 190 866 dividet
204 825 295 867 mare.
324 807 426 886 igitur,
443 808 468 868 si
482 827 548 870 vere
563 808 725 889 Encolpion
741 808 874 882 dilexisti,
890 809 926 870 da
942 809 1054 882 oscula,
1070 810 1140 871 dum
1154 809 1191 871 li-

88 909 137 975 cet,
152 914 179 964 et
192 905 330 966 ultimum
345 906 404 966 hoc
418 907 554 984 gaudium
569 907 637 969 fatis
653 907 880 986 properantibus
895 898 983 987 rape?
1012 908 1083 968 haec
1093 915 1126 969 ut
1136 925 1190 987 ego

60 1001 156 1074 cdiii,
179 1001 271 1064 Giton
291 1009 401 1064 vestem
422 1004 569 1083 deposuit,
589 1023 710 1084 meaque
731 1005 829 1067 tunica
849 1013 999 1067 contectus
1020 1004 1131 1066 exeruit
1155 1006 1191 1067 ad

88 1101 217 1162 osculum
234 1109 332 1181 caput
364 1109 393 1162 et
407 1119 444 1162 ne
460 1103 502 1162 sic
517 1102 705 1164 cohaerentes
721 1104 876 1182 malignior
889 1104 996 1165 fluctus
1008 1102 1191 1179 distraheret,

87 1207 232 1279 utrunque
259 1219 335 1262 rona
353 1200 588 1261 circumvenienti
608 1200 770 1279 praecinxit
795 1210 823 1262 et
839 1193 882 1264 ‘si
905 1201 975 1262 nihil
997 1201 1088 1274 aliud,
1115 1209 1192 1262 certe

87 1290 205 1358 diutius'
221 1299 319 1378 inquit
329 1293 461 1360 ‘iunctos
476 1317 532 1359 nos
549 1317 628 1360 mare
643 1301 724 1372 ieret,
740 1298 783 1359 vel
799 1299 824 1360 si
839 1300 962 1362 voluerit
974 1300 1143 1362 misericors
1156 1300 1192 1361 ad

86 1395 158 1456 idem
172 1397 245 1458 litus
261 1396 411 1476 expellere,
427 1403 476 1458 aut
490 1397 668 1476 praeteriens
685 1396 787 1476 aliquis
803 1397 941 1460 tralaticia
956 1399 1137 1460 humanitate
1150 1397 1193 1459 la·

49 1501 72 1550 10
88 1493 212 1571 pidahit,
240 1502 290 1556 aut
311 1496 389 1574 quod
412 1495 546 1557 ultimum
568 1501 613 1556 est
633 1493 713 1555 iratis
735 1493 821 1555 etiam
841 1497 993 1572 fluctibus,
1020 1497 1193 1577 imprudens

87 1608 167 1652 arena
190 1585 368 1671 componet.³
400 1593 494 1672 patior
513 1611 566 1672 ego
586 1592 732 1653 vinculum
753 1601 932 1668 extremum,
960 1601 989 1655 et
1008 1594 1095 1656 veluti
1116 1595 1191 1656 lecto

86 1687 199 1750 funebri
220 1697 337 1770 aptatus
357 1699 477 1770 expecto
501 1697 625 1752 mortem
648 1691 705 1752 iam
721 1708 783 1752 nou
799 1691 962 1754 molestam.
992 1693 1103 1773 peragit
1116 1692 1191 1754 inte-

87 1787 137 1847 rim
152 1796 317 1869 tempestas
333 1790 468 1852 mandata
483 1791 609 1850 latorum
624 1807 787 1868 omnesque
798 1789 934 1870 reliquias
946 1791 1026 1852 navis
1038 1799 1191 1870 expugnat.

88 1902 143 1946 non
159 1888 252 1949 arhor
266 1897 329 1950 erat
341 1888 447 1958 relicta,
464 1905 525 1948 non
542 1886 749 1965 gubernacula,
764 1906 825 1949 non
840 1888 919 1950 lunis
937 1896 987 1950 aut
1000 1907 1116 1966 remus,
1137 1889 1191 1950 scd

51 1993 75 2042 15
90 1987 167 2063 quasi
181 1987 267 2048 rudis
283 1995 368 2067 atque
382 1986 487 2047 infecta
501 1985 636 2046 materies
650 1984 710 2047 ibat
724 2005 791 2048 cum
806 1987 942 2050 fluctibus

624 2094 646 2134 -a

167 2187 345 2250 procurrere
364 2168 525 2247 piscatores
545 2169 672 2248 parvulis
694 2168 820 2248 expediti
845 2169 967 2249 navigiis
993 2171 1029 2233 ad
1055 2169 1192 2252 praedam

89 2268 267 2346 rapiendam.
297 2265 401 2328 deinde
415 2273 449 2328 ut
463 2268 576 2346 aliquos
591 2267 734 2341 viderunt,
754 2267 804 2347 qui
819 2264 889 2330 suas'
905 2288 979 2348 opes
994 2269 1192 2342 defenderent,

91 2373 272 2428 mirtaverunt
287 2366 486 2427 cmdelitatem
501 2366 531 2427 in
546 2365 683 2428 auxilium

625 2476 647 2516 e

169 2550 308 2612 audimus
328 2568 463 2611 murmur
481 2549 634 2612 insolitum
654 2556 684 2610 et
701 2548 756 2610 auh
777 2549 871 2610 diaeta
890 2547 1022 2628 magistri
1042 2549 1125 2629 quasi
1141 2553 1264 2614 cri-115

53 2653 79 2703 20
93 2644 193 2722 pientis
220 2649 298 2710 exire
319 2647 420 2709 beluae
439 2647 588 2727 gemitum.
623 2647 769 2728 persecuti
790 2646 877 2726 igitur
895 2665 1002 2709 sonum
1027 2648 1193 2710 invenimus

160 2913 172 2957 1
192 2907 408 2972 interropatiuam
423 2907 545 2972 sonnacii
568 2907 769 2957 enuntiatimrem
910 2908 954 2957 sed
976 2923 1009 2958 ne
1026 2909 1077 2958 hoc
1094 2909 1195 2972 quidem

93 2978 208 3030 uoluerat
224 2980 401 3030 Romaanus.
437 2981 457 3028 si
482 2981 557 3028 modo
579 2983 629 3028 hoc
653 2995 697 3044 epo
720 2976 832 3041 mmai,
855 2977 931 3028 niodo
953 2985 983 3029 ut
1000 2979 1068 3029 nihil
1083 2980 1196 3030 oncirerit

94 3061 222 3114 excerptor
331 3053 345 3100 3
365 3051 451 3099 diuidit
468 3049 493 3098 L
598 3051 737 3114 Encolpion
755 3048 817 3098 libri
920 3052 954 3100 da
972 3050 1196 3117 Imapermennm:

95 3122 121 3168 ed
139 3122 173 3172 Lt
185 3131 210 3172 et
222 3123 374 3186 praeposito
392 3121 513 3170 asterisco
526 3137 556 3184 p.
583 3123 690 3170 admone
702 3119 841 3180 Ileiakiue5
859 3135 933 3171 exere
945 3132 1021 3187 ceput
1033 3125 1065 3172 ad
1077 3121 1196 3174 Bourde-

95 3189 152 3243 loun
261 3197 278 3242 4
297 3203 322 3244 et
340 3193 372 3242 ab
390 3191 478 3242 eodem
490 3199 557 3256 puto
575 3191 768 3257 Inopes-mortno
787 3191 972 3242 Goldustiana:
990 3209 1037 3246 orn.
1055 3193 1117 3244 lilerv'

96 3264 218 3314 5Guitou
237 3264 263 3314 L
380 3267 395 3313 6
414 3265 562 3312 distraheret
578 3280 667 3328 merpo
685 3271 710 3312 t:
728 3265 869 3313 detraheret
887 3262 948 3313 libri
1065 3269 1079 3312 l
1100 3266 1196 3314 circuu-

96 3338 198 3386 ueuienti
214 3336 241 3386 L
338 3338 354 3385 8
372 3338 469 3384 iunctos
487 3349 534 3383 nos
551 3350 620 3383 mare
640 3332 734 3397 Faber,
753 3334 865 3383 Daniel:
882 3335 968 3383 iuncte
985 3350 1032 3383 nos
1049 3349 1117 3383 mors
1135 3333 1197 3383 libri

96 3407 182 3467 quibua
204 3407 317 3457 senectia
338 3407 478 3456 misericors
501 3407 568 3453 unda
590 3407 621 3454 ed
646 3404 787 3457 Iacobeiue.
823 3407 907 3454 iuncta
931 3420 978 3453 nos
1001 3413 1080 3453 morte
1096 3404 1197 3469 fluctus

96 3477 152 3527 ieret
169 3477 300 3528 Beislcius.
335 3478 359 3527 ei
376 3491 590 3540 monumentor,
615 3484 700 3526 tamea
722 3476 811 3526 iuncta
834 3489 944 3538 corpora
960 3491 1033 3524 mare
1049 3475 1134 3540 seret:
1155 3475 1197 3524 sin

96 3549 201 3600 uoluerit
218 3549 256 3599 ad
274 3549 344 3598 littus
362 3547 496 3613 expellere,
515 3547 603 3596 lunda
622 3556 669 3597 aut
681 3547 846 3612 praeteriens
863 3545 994 3610 relipioreis
1006 3561 1066 3612 erpo
1077 3554 1126 3596 ortt
1134 3546 1195 3613 sor·

97 3621 153 3671 heito
176 3622 278 3670 harena
294 3621 404 3685 sepeliet.
440 3628 465 3668 et
480 3619 590 3668 alterum
607 3618 711 3683 quidem
728 3618 775 3668 hoe
792 3618 881 3682 utique
898 3617 999 3667 eueniet
1014 3618 1092 3668 etiem
1108 3619 1132 3668 n·
1149 3618 1196 3668 mi·

96 3693 198 3742 cericei-e
208 3707 288 3741 *mere
306 3707 359 3741 esee
376 3691 488 3740 uoluerit
611 3693 626 3738 9
645 3691 752 3754 expellet
769 3688 891 3740 Bestius
904 3695 965 3752 poet
981 3691 1086 3739 uoluerit
1104 3689 1197 3740 dictive·

94 3778 177 3824 puena.
214 3762 323 3812 debebat
338 3769 424 3812 aulem
441 3760 592 3810 wminuere
608 3762 651 3809 ubi
669 3777 715 3809 nos
733 3770 777 3810 aut
895 3761 1012 3809 odadun
1030 3760 1091 3811 libri

97 3833 237 3884 humatione
255 3835 421 3899 inrpupnatm
439 3832 534 3897 aliquis
551 3850 569 3881 a
581 3831 704 3881 Gorualio
804 3832 933 3880 tumulabit
949 3847 1039 3897 nceryo
1057 3839 1074 3883 t.
1109 3832 1140 3883 in
1156 3833 1200 3882 ille

98 3905 169 3954 cerlo
179 3906 275 3969 faceta
286 3913 323 3954 ert
333 3905 420 3955 ironia
520 3906 553 3951 14
570 3918 620 3952 non
640 3904 720 3952 melus
738 3911 791 3951 erat
808 3903 907 3951 relictos
925 3901 1038 3952 incertus
1056 3903 1131 3969 apud
1142 3903 1199 3954 Ha·

99 3973 242 4026 άνίαηίάεηι
387 3979 419 4025 15
439 3983 489 4024 crea
507 3974 638 4023 artemone
655 3973 785 4022 inter-&eto
802 3987 893 4022 uererer
910 3973 994 4038 spacio
1012 3975 1049 4038 L,
1071 3991 1153 4026 unum
1166 3982 1200 4038 pt

99 4044 187 4098 lacere
295 4051 328 4098 16
346 4061 491 4112 preconem
509 4046 542 4108 L,
560 4043 726 4094 Bielrardue:
743 4059 887 4108 percurrere
901 4051 935 4107 pt
1054 4048 1086 4095 18
1105 4047 1199 4110 cupidi-

99 4123 169 4169 tatem
186 4117 322 4170 tacebatur
451 4116 484 4166 de
501 4116 598 4165 laeum
615 4113 641 4164 L
658 4114 695 4162 eie
711 4122 741 4162 ut
759 4132 785 4167 u,
806 4115 854 4163 15.-
871 4114 938 4165 ἀνω
955 4116 1089 4166 astemoe
1106 4115 1200 4166 halem

96 4197 124 4249 pt
229 4192 262 4239 2⁰
280 4193 368 4240 beluae
385 4203 465 4252 super
481 4202 562 4238 uersae
579 4183 700 4236 amcam
717 4193 742 4235 et
758 4186 787 4234 in
803 4186 921 4251 maryine
938 4187 1112 4249 repetith

98 4262 236 4325 persequuti
253 4261 315 4312 libri

147 4344 246 4389 Petronii
261 4344 340 4388 satirae
968 4341 1000 4390 10
