3008 4962
565 462 707 514 surreie
740 482 742 485 ·
1147 464 1188 526 49

62 622 81 672 H
96 634 139 676 res
150 623 177 676 et
188 615 277 677 larvas
289 613 331 676 sio
342 615 416 676 istos
429 617 664 697 percolopabaut,
679 625 712 679 ut
723 617 776 677 illis
784 616 893 697 Iupiter
904 617 995 679 iratus
1007 625 1092 680 esset.
1118 618 1187 696 [sed]

94 714 206 774 memini
222 715 371 775 Safinium.
402 723 472 776 tunc
488 715 635 778 habitabat
649 716 684 778 ad
697 735 795 777 arcum
809 721 944 787 veterem,
962 735 1009 776 me
1025 735 1127 796 puero,
1143 717 1190 798 pi·
1248 783 1256 804 .-

93 831 152 890 per,
173 832 232 874 non
253 814 352 874 horno.
384 813 409 874 is
430 831 605 892 quacunque
619 812 693 887 ibat,
713 822 821 875 terram
837 815 986 875 adurebat.
1018 815 1068 875 sed
1084 823 1191 890 rectuS,

94 912 138 972 sed
155 920 258 986 certuS,
272 912 382 973 amicus
397 911 501 982 amico,
518 931 584 972 cum
601 930 659 992 quo
676 912 812 973 audacter
826 932 931 993 posses
947 912 977 973 in
993 913 1121 974 tenebris
1133 914 1190 974 mi-

67 1019 80 1067 5
96 1028 161 1070 care.
190 1010 219 1070 in
235 1011 313 1072 curia
329 1017 425 1071 autem
442 1011 591 1090 quomodo
611 1010 741 1090 singulos
761 1011 821 1088 [vel]
836 1011 942 1091 pilabat
955 1011 1123 1089 [tractabat],
1137 1029 1191 1074 nec

94 1107 218 1168 schemas
238 1107 409 1187 loquebatur
430 1109 481 1169 sed
504 1107 653 1170 directum.
690 1127 755 1169 cum
772 1117 869 1187 ageret
887 1129 977 1189 porro
997 1110 1026 1171 in
1047 1111 1128 1181 foro,
1149 1110 1192 1171 sic

93 1204 160 1265 illius
175 1225 227 1267 vox
249 1207 397 1267 crescebat
410 1213 549 1285 tanquam
564 1205 642 1266 tuba.
672 1224 728 1266 nec
742 1207 855 1268 sudarit
869 1226 998 1286 unquam
1014 1227 1069 1269 nec
1083 1208 1190 1287 expuit.

94 1312 157 1382 puto
177 1325 242 1366 eum
263 1305 361 1367 nescio
383 1305 451 1384 quid
472 1304 577 1366 asiadis
599 1303 741 1366 hahuisse.
774 1311 803 1365 et
817 1323 904 1385 quam
919 1306 1062 1384 benignus
1078 1307 1190 1368 resalu-

94 1407 159 1476 tare,
180 1404 300 1465 nomina
317 1404 447 1464 omnium
464 1404 592 1477 reddere,
608 1410 744 1481 tanquam
761 1422 838 1464 unus
855 1405 1000 1466 danobis.
1031 1408 1127 1484 itaque
1141 1405 1189 1465 illo

57 1509 80 1558 lt
95 1506 217 1580 tempore
232 1520 349 1564 annona
365 1521 419 1581 pro
435 1503 496 1563 luto
513 1509 582 1562 erat.
612 1521 678 1562 asse
695 1519 798 1579 panem
813 1505 898 1581 quem
911 1504 1045 1576 eruisses,
1061 1522 1122 1564 non
1135 1521 1191 1584 po·

94 1600 191 1660 luisses
212 1621 279 1662 cum
300 1601 390 1662 altero
411 1601 557 1662 devorare.
587 1618 668 1660 nuuc
688 1600 804 1660 oculum
824 1599 944 1661 bublum
965 1601 1022 1663 vidi
1039 1603 1191 1663 maiorem.

94 1697 225 1774 heuheu,
247 1698 378 1779 quotidie
394 1699 487 1778 peius.
518 1700 590 1759 haec
605 1697 719 1758 colonia
733 1705 917 1758 retroversus
934 1700 1038 1760 crescit
1051 1707 1189 1780 tanquam

95 1799 159 1858 coda
172 1799 259 1860 vituli.
290 1797 341 1858 sed
361 1815 451 1875 qnare
466 1815 522 1858 nos
537 1797 678 1858 habemus
695 1796 816 1857 aedilem
831 1797 919 1856 trium
936 1798 1117 1872 cauniarum,
1141 1798 1190 1877 qui

95 1895 144 1956 sibi
158 1899 264 1959 mavult
279 1914 377 1956 assem
394 1914 478 1973 quam
496 1895 583 1956 vitam
599 1892 757 1957 nostram?
786 1894 979 1974 itaque-domi
994 1896 1107 1974 gaudet,
1124 1895 1190 1976 plns

58 2001 81 2051 15
96 1992 120 2052 iu
135 1993 177 2055 die
190 2013 382 2056 nummorum
398 1993 510 2073 accipit,
526 2011 611 2076 quam
627 1993 698 2053 alter
712 1993 921 2071 patrimonium
935 1995 1029 2056 habet.
1059 1995 1115 2054 iam
1128 1993 1190 2055 scio

95 2091 162 2152 uude
176 2093 319 2174 acceperit
334 2093 470 2153 denarius
486 2091 562 2152 mille
578 2110 692 2152 aureos.
724 2092 774 2151 sed
791 2092 815 2153 si
827 2111 884 2153 nos
896 2092 993 2153 coleos
1005 2093 1189 2166 haberemus,

95 2206 147 2250 uon
161 2198 273 2253 tantum
290 2190 345 2251 sibi
361 2192 493 2269 placeret.
524 2207 604 2252 nunc
618 2190 745 2270 populus
762 2199 807 2250 est
819 2191 899 2252 dorni
910 2191 1019 2264 leones,
1035 2191 1115 2252 foras
1127 2191 1190 2252 vul-

95 2305 148 2365 pes.
176 2291 253 2368 quod
271 2290 306 2351 ad
323 2308 370 2349 me
384 2289 493 2362 attinet,
508 2289 567 2349 iam
583 2305 698 2367 pannos
713 2307 797 2349 meos
810 2289 934 2361 comedi,
950 2297 979 2350 et
991 2290 1015 2351 si
1028 2297 1192 2369 perseverat

95 2384 157 2447 haec
171 2406 296 2460 annona,
314 2387 426 2448 casulas
442 2406 521 2448 meas
537 2388 670 2448 vendam.
702 2387 769 2465 quid
786 2387 862 2447 enim
878 2387 1011 2449 futurum
1027 2395 1081 2463 est,
1098 2389 1122 2449 si
1138 2407 1192 2449 nec

57 2492 82 2543 tt
97 2483 130 2543 dii
143 2503 193 2546 uec
205 2485 344 2548 homines
358 2486 446 2547 huius
462 2485 592 2546 coloniae
607 2483 809 2546 miserentur?
838 2485 876 2546 ita
891 2504 974 2546 meos
990 2486 1145 2559 fruniscar,
1159 2493 1192 2546 ut

96 2694 151 2745 inter
170 2700 273 2761 pistores
297 2698 339 2746 sed
364 2698 445 2744 laruas
470 2693 580 2746 Welclius
594 2712 623 2759 p.
639 2697 686 2756 19,
709 2695 787 2743 simile
805 2709 835 2743 ac
855 2694 875 2742 si
893 2696 973 2742 celum
991 2695 1016 2742 in
1035 2702 1101 2742 terra
1120 2701 1190 2744 esset.

96 2767 167 2816 laruas
185 2767 314 2819 Studerns
327 2785 357 2832 p.
372 2771 418 2830 12,
444 2768 515 2815 simili
539 2768 648 2815 siccitate
668 2767 733 2814 sures
752 2764 805 2828 (uel
823 2765 984 2828 ueteratores)
1003 2772 1028 2814 et
1046 2767 1127 2814 laruas
1145 2764 1191 2814 Ia-

98 2837 190 2903 codsiuo,
208 2842 297 2890 similia
315 2841 339 2888 in
359 2839 448 2890 Sicilia.
474 2845 578 2887 terrores
605 2844 629 2888 ot
652 2838 734 2885 laruas
758 2835 891 2898 Reishias,
916 2838 1004 2885 similia
1029 2835 1111 2886 Sicilia
1128 2837 1190 2885 inte-

96 2909 145 2961 rior.
162 2914 202 2960 sed
219 2915 302 2962 laruas
323 2909 476 2975 Scheffeaus,
496 2910 583 2957 similia
596 2909 692 2958 Siciliae
710 2909 831 2957 interioris
855 2907 970 2961 Goesius.
1008 2923 1052 2974 epo
1069 2908 1098 2956 in
1111 2923 1192 2972 prae-

97 2981 153 3029 senti
174 2982 204 3032 de
221 2992 292 3034 certa
310 2981 484 3032 emendatione
506 2979 607 3032 illorum
625 2979 777 3044 desperasti,
796 2979 875 3028 latere
893 2987 977 3029 autern
996 2980 1088 3044 opinor
1106 2978 1192 3029 candi-

98 3049 179 3103 tionale
196 3055 356 3105 enuntiatum
374 3053 451 3102 leuius
467 3053 568 3119 pencris
581 3053 602 3100 si
613 3053 680 3102 milio
694 3052 770 3100 silicia
783 3052 912 3100 interesset
925 3050 1034 3116 (fraude
1042 3051 1191 3117 pistorum).

98 3129 120 3169 ut
139 3125 214 3176 laruas
232 3126 358 3176 Heinsius

162 3200 172 3244 l
191 3200 248 3248 istas
262 3196 407 3260 Seleefferus
514 3195 706 3258 percolopabant
722 3209 739 3242 a
752 3193 865 3258 colaphis
878 3193 1025 3244 deriuatam
1038 3209 1090 3244 esse
1104 3192 1193 3260 Schei-

91 3261 159 3324 fcnn
175 3269 349 3333 Heliniuoqne
367 3266 548 3316 intellexerant
653 3267 695 3315 sed
715 3266 805 3316 seclusi
817 3282 874 3315 eum
886 3263 1016 3330 Scheffero
1123 3264 1192 3329 4cf.

98 3336 164 3387 etiam
181 3339 279 3391 Fronto
297 3339 333 3390 ad
351 3339 389 3391 M.
403 3339 540 3389 Caesareae
557 3336 579 3388 I
593 3340 610 3386 2
624 3353 655 3401 p.
668 3340 703 3386 24
718 3336 753 3390 N.
791 3339 855 3387 aliud
875 3353 1016 3386 scurrarum
1034 3337 1192 3400 prouerbium

1033 3422 1071 3460 uel
1080 3420 1194 3460 tractabat

96 3465 135 3526 ‘en
153 3497 207 3531 cum
219 3500 268 3548 quo
280 3485 305 3532 in
319 3483 425 3533 tenebris
438 3471 522 3530 miecs'
617 3479 632 3528 5
651 3479 775 3542 senipetam
787 3486 844 3528 erat
855 3479 883 3528 in
896 3477 983 3527 arebat
974 3485 1034 3542 tppo
1070 3477 1193 3539 pilabat·

65 3545 68 3564 '
98 3549 157 3599 uidit
174 3553 217 3606 hoc
231 3563 293 3619 post
310 3553 467 3618 Schefferam
486 3558 510 3601 et
527 3549 674 3600 Iacobsiarn
693 3550 769 3598 etiam
793 3549 948 3613 Webliusp.
969 3551 1010 3598 15.
1046 3549 1114 3596 uelut
1130 3548 1193 3612 pilas

99 3625 207 3675 tractabat
224 3627 267 3677 uel
282 3628 391 3676 iactabat
409 3623 534 3673 Heiutus
642 3626 656 3672 6
676 3620 819 3671 scemasH
919 3623 1039 3670 directum
1057 3618 1194 3670 Reislcins:

98 3691 202 3746 dilectum
219 3697 255 3748 H.
292 3699 403 3747 directim
421 3694 546 3746 Heinsius
670 3709 728 3742 eum
746 3700 831 3755 ageret
849 3691 896 3744 etti
914 3691 1044 3775 superiori
1061 3691 1194 3741 enuntiato

99 3761 228 3818 adnectunt
344 3771 435 3818 Seurn
459 3765 645 3815 Tiledomenus:
665 3766 731 3814 euim
750 3764 783 3813 H
891 3765 943 3812 asia
961 3765 997 3812 dis
1016 3762 1051 3812 H.
1089 3763 1135 3814 boc
1153 3761 1197 3812 uel

99 3833 191 3888 Asiadea
209 3840 338 3905 probabat
361 3838 499 3888 Heinsius.
528 3837 630 3885 Asiatici
653 3835 804 3896 Ileinesiue,
833 3836 882 3884 ossi
907 3851 923 3883 a
945 3837 990 3884 diis
1014 3835 1193 3897 Bannannns,

100 3893 154 3956 lucri
173 3927 187 3958 a
204 3914 240 3961 dis
252 3911 405 3976 Sobeffents,
426 3911 513 3959 asioles
532 3925 549 3956 a
568 3901 655 3966 σιαλίς
673 3907 759 3970 (inimo
772 3900 873 3971 σίαλον)
887 3907 942 3955 Ant
932 3907 1024 3970 ionias,
1044 3907 1194 3956 ontisialodis

99 3973 228 4047 Iacetani,
247 3985 426 4049 Aphrodisium
444 3979 565 4030 Reisdius
675 3981 706 4026 12
726 3979 776 4043 hey
793 3979 843 4042 hey
862 3976 896 4026 H
1011 3980 1042 4026 13
1063 3993 1108 4026 nos
1131 3976 1196 4026 Tile-

101 4043 218 4102 lomentis:
248 4071 298 4104 non
323 4053 358 4104 H.
407 4055 451 4104 sed
476 4052 568 4115 quare?
595 4066 646 4099 nou
671 4051 792 4098 habemus
816 4050 953 4098 aedilemt
944 4051 1017 4098 trium
1045 4064 1195 4098 caunearum

100 4114 245 4189 delenierat,
269 4128 311 4176 sed
331 4141 406 4190 qnare
424 4124 492 4173 non?
514 4124 634 4172 habemus
653 4121 824 4171 Burmannus
843 4119 964 4170 distinxit
1080 4120 1196 4186 fortasse

101 4203 145 4239 nou
161 4198 231 4246 trium
321 4201 352 4248 15
372 4196 450 4246 habet
468 4195 504 4244 sic
522 4193 556 4244 H
643 4196 673 4242 16
694 4194 807 4242 denarios
819 4190 932 4257 fntasse
952 4191 1095 4242 eiciandtnn

104 4261 131 4309 19
148 4267 253 4330 capsulas
272 4268 329 4322 Iac.
343 4267 492 4320 Gronoains
600 4267 633 4314 20
652 4265 726 4314 huius
744 4261 903 4329 Schrfferw:
921 4265 973 4313 eiua
990 4263 1026 4312 H

149 4343 241 4390 Petronii
256 4349 334 4392 satirae
980 4349 997 4397 4
