3022 4956
599 385 741 439 summm
1066 390 1069 398 ¹
1163 393 1223 456 11¹1

656 553 677 594 e

83 637 124 688 L·
183 623 194 710 ll
205 618 427 688 ‘contubernalis
443 646 507 689 mea
522 628 594 690 mihi
609 629 717 692 fastum
733 629 809 691 lacit.
831 631 881 705 ita,
898 629 923 692 si
936 649 1086 706 meamne,
1102 632 1224 698 maledic

120 723 199 786 illam
213 726 354 800 versibus,
370 734 403 788 ut
417 727 521 788 haheat
535 721 692 806 pudorem'

655 836 676 876 as

206 908 273 970 dum
288 909 450 991 Eumolpus
470 930 537 972 oum
552 911 674 990 Bargate
690 911 720 972 in
742 919 853 973 secreto
868 912 1006 992 loquitur,
1021 912 1110 976 intrat
1124 913 1225 977 stobu·
1240 909 1281 972 97

120 1006 182 1068 lnm
196 1027 298 1088 praeco
319 1028 386 1070 cum
405 1029 489 1070 servo
504 1009 621 1088 publico
638 1010 750 1091 aliaque
765 1029 835 1073 sane
850 1011 966 1073 modice
981 1012 1157 1091 frequentia,
1179 1013 1194 1074 f
1209 1045 1225 1058 -

91 1115 104 1163 5
122 1124 239 1186 cemqne
253 1108 400 1169 fumosam
418 1108 512 1187 magis
528 1127 614 1188 qnam
632 1109 757 1172 lucidam
774 1127 919 1190 quassans
935 1110 1006 1172 haec
1020 1110 1224 1191 proclamavit:

117 1196 200 1282 ‘puer
219 1206 246 1266 in
266 1206 370 1268 balneo
391 1207 479 1288 paulo
500 1214 566 1269 aute
587 1207 744 1279 aberravit,
766 1225 912 1269 annorum
929 1207 1002 1270 circe
1018 1209 1081 1282 ivi,
1101 1210 1225 1289 crispus,

122 1304 230 1376 mollis,
250 1306 415 1380 formosus
433 1306 553 1367 nomine
576 1306 673 1367 Giton.
704 1306 815 1387 siquis
838 1326 903 1368 enm
926 1307 1048 1369 reddere
1070 1315 1119 1369 aut
1141 1326 1224 1370 com-

121 1409 282 1462 monstrare
302 1403 439 1476 volnerlt‚
455 1404 577 1484 accipiet
596 1423 737 1468 nummos
753 1397 849 1468 mille?
878 1425 933 1469 nec
946 1406 1034 1484 longe
1048 1424 1064 1467 o
1079 1424 1224 1488 praecone

121 1499 248 1579 Ascyltos
269 1500 501 1564 stebet'amictns
518 1503 675 1566 discoloria
691 1513 771 1568 veste
787 1512 872 1586 atque
887 1505 917 1566 in
932 1504 1013 1565 lance
1028 1511 1161 1583 argentee
1177 1505 1225 1566 in-

78 1607 105 1656 10
122 1597 226 1659 dicium
246 1606 274 1660 et
289 1601 377 1662 fidem
392 1601 580 1681 praeferebat.
611 1603 749 1683 imperavi
767 1602 880 1675 Gitoni,
901 1609 934 1664 ut
948 1601 1055 1680 raptim
1072 1593 1224 1681 grabatum

121 1696 227 1758 subiret
241 1705 467 1779 annecteretque
482 1701 570 1780 pedes
586 1708 615 1763 et
629 1719 734 1763 manus
750 1700 868 1776 institis,
884 1700 991 1781 quibus
1007 1699 1122 1780 sponda
1134 1699 1224 1762 culci-

120 1801 178 1856 tam
191 1796 309 1870 ferebat‚
326 1816 360 1858 oc
376 1798 419 1860 sic
433 1807 465 1861 ut
481 1800 550 1862 olim
565 1801 660 1866 Vlixes
678 1818 733 1878 pro
747 1845 754 1860 .
768 1846 775 1861 .
789 1845 796 1861 .
812 1797 893 1861 arieti
909 1797 1101 1870 adhaesisset,
1122 1804 1223 1858 exten-

120 1900 167 1954 tus
187 1894 257 1956 infra
277 1895 430 1974 grabatum
451 1898 643 1960 scrutantium
664 1897 793 1959 eluderet
812 1914 927 1958 manns.
953 1913 1015 1958 non
1031 1902 1076 1958 est
1090 1901 1223 1958 moratus

122 1991 205 2052 Giton
226 1993 381 2073 imperium
402 2005 613 2078 momentoque
631 1995 774 2077 temporis
795 1995 918 2058 inseruit
936 1993 1052 2058 vinculo
1073 2014 1180 2061 manus
1195 2003 1225 2060 et

81 2100 106 2150 15
123 2089 226 2154 Vlixem
246 2100 313 2154 estu
335 2093 482 2156 simillimo
498 2095 576 2158 vicit.
607 2113 660 2174 ego
681 2112 719 2155 ne
734 2093 893 2174 suspitioni
908 2095 1102 2175 relinquerem
1117 2096 1224 2169 locum,

121 2189 249 2252 lectulum
265 2192 446 2255 vestimentis
462 2194 578 2274 implevi
592 2194 738 2274 uniusque
753 2193 881 2256 hominis
897 2194 1050 2274 vestigium
1066 2195 1101 2260 ad
1114 2195 1231 2276 corpo-'

121 2289 159 2349 ris
175 2291 228 2351 mei
242 2309 412 2353 mensuram
428 2292 556 2371 figuravi.

199 2389 312 2450 interim
328 2389 460 2468 Ascyltos
476 2399 509 2454 ut
523 2389 682 2472 pererravit
698 2407 802 2452 omnes
817 2409 884 2452 cnm
900 2392 1010 2454 viatore
1025 2392 1125 2466 cellas,
1143 2392 1223 2454 venit

122 2485 154 2546 ad
169 2505 274 2560 meam,
299 2493 328 2547 et
341 2487 400 2549 hoc
415 2489 533 2567 quidem
548 2489 709 2570 pleniorem
727 2507 809 2569 spem
826 2491 968 2569 concepit,
983 2509 1042 2570 quo
1055 2489 1221 2569 diligentius

80 2595 107 2644 no
124 2587 318 2665 oppessulatas
334 2585 445 2650 invenit
457 2589 547 2651 fores.
577 2587 710 2668 publicus
722 2606 793 2650 vero
807 2605 908 2649 servus
920 2588 1067 2650 insertans
1081 2590 1221 2650 commis-

122 2684 194 2746 suris
214 2704 330 2748 secures
352 2686 546 2748 claustrorum
561 2685 729 2748 firmitatem
743 2684 855 2747 laxavit.
885 2703 938 2764 ego
954 2685 989 2748 ad
1005 2702 1099 2764 genua
1113 2685 1222 2768 Ascylti

123 2924 206 2969 tumn.
224 2920 250 2971 A
377 2921 523 2970 discendunt
541 2918 585 2970 nel
602 2919 746 2970 discendnm
766 2916 798 2972 F.
817 2919 946 2969 discedunt
963 2919 1046 2969 honus
1064 2918 1090 2970 P

124 2991 155 3038 14
175 2994 280 3042 continet
298 2991 354 3050 An,
373 2993 528 3042 continerent
547 2991 576 3041 F
697 2991 798 3040 eriocs
817 2989 847 3040 F
969 2998 1019 3040 tres
1037 2990 1170 3041 asteriscos
1188 2988 1222 3054 L,

121 3076 198 3111 nnnrn
208 3064 236 3113 in
248 3081 326 3115 ncrsn
338 3080 423 3114 nocuo
436 3071 471 3129 pt
487 3063 587 3114 habent.
617 3067 748 3112 nnnonrss
760 3077 929 3112 rnonvnnnon
940 3078 976 3112 An
989 3077 1129 3116 nymonrvm
1143 3077 1223 3128 prae-

118 3133 191 3192 ponit
207 3134 238 3198 L,
257 3135 348 3186 eodeni
365 3133 426 3198 (sed
444 3151 554 3186 nvuonr.
574 3134 599 3200 t)
618 3133 747 3199 margines
760 3140 793 3197 pt
1244 3151 1250 3154 ·

191 3207 202 3254 l
220 3208 301 3270 itaque
321 3206 368 3256 olii
386 3205 461 3270 apud
479 3206 645 3257 Potissonnnc
756 3208 771 3254 2
791 3203 856 3256 cinos
874 3204 1007 3256 asteriscos
1025 3201 1175 3254 intericiunt
1192 3201 1222 3253 n‘-

121 3273 162 3324 bri
246 3280 260 3327 3
280 3279 389 3342 Balgetc
409 3279 434 3326 L
527 3282 622 3328 Asane
641 3293 692 3326 non
710 3277 810 3327 modice
828 3275 893 3326 coni.
912 3275 1035 3326 Pithoeus
1134 3276 1148 3322 5
1168 3289 1221 3324 mo·

120 3348 180 3410 gisq.
197 3350 301 3399 locidem
312 3349 409 3415 fueret
431 3349 460 3398 in
478 3349 503 3398 L
528 3349 574 3400 seol
597 3367 620 3413 q.
645 3347 755 3398 deletum
778 3353 802 3397 et
823 3347 852 3396 in
870 3346 986 3411 mnrpine
1004 3360 1080 3410 qnam
1098 3343 1222 3408 scriptum

121 3424 159 3466 est
251 3422 428 3485 pronuncienit
446 3427 506 3470 ante
524 3421 688 3486 proclamauit
706 3418 816 3468 deletum
833 3417 862 3467 in
879 3417 904 3466 L
995 3419 1009 3465 6
1028 3416 1112 3479 paullo
1125 3415 1150 3463 L

120 3489 180 3538 XVI
196 3499 225 3553 pt
341 3497 354 3542 t
377 3492 469 3542 Guiton
488 3491 513 3542 L
629 3494 644 3540 8
664 3491 769 3540 uoluerit
787 3487 964 3554 adscripscrat
981 3485 1106 3538 Heinsius

123 3563 154 3608 10
173 3561 269 3612 Guitoni
287 3563 313 3612 L
425 3566 454 3612 11
476 3565 597 3628 spondam
616 3564 706 3613 culcita
725 3568 742 3624 t,
760 3567 835 3611 netns
848 3559 954 3610 Pithoei.
985 3559 1112 3608 culcitram
1125 3556 1150 3608 L

124 3634 153 3678 12
172 3635 260 3700 Vlyxcs
278 3636 303 3684 L
452 3650 499 3699 pro
512 3675 518 3690 .
532 3676 539 3688 .
552 3675 559 3688 .
573 3637 642 3685 arieti
664 3632 757 3697 scripsi
780 3639 811 3682 nt
826 3646 872 3696 pro
891 3632 969 3681 seluto
988 3636 1035 3680 ant
1051 3644 1157 3693 procero
1176 3636 1224 3680 ont

122 3718 162 3764 pro
179 3708 272 3756 sarcina
290 3705 457 3770 suppleatur:
482 3723 527 3770 pro
546 3709 622 3756 ariete
640 3705 708 3756 libri.
743 3705 769 3753 in
788 3704 862 3753 ariete
881 3701 993 3767 scriptos
1011 3699 1117 3752 Boscleii
1139 3699 1224 3751 idest

122 3773 179 3824 liber
190 3777 382 3841 cornmenticins‚
401 3778 452 3826 imo
464 3779 540 3828 ariete
552 3777 719 3839 Mnnclcencs,
733 3782 803 3825 utero
816 3775 898 3824 arietis
911 3765 1007 3832 ἀτόπως
1018 3772 1143 3824 Heinsius

124 3849 152 3894 14
170 3847 259 3898 Guiton
278 3848 303 3898 L
421 3849 524 3898 uinculis
542 3849 660 3900 Nodotns
776 3850 807 3897 15
827 3846 935 3912 Vlyxem
953 3845 978 3894 L
1090 3844 1223 3908 suspicioni

122 3915 174 3969 lin-t
292 3924 322 3969 17
344 3922 449 3984 liguram
468 3928 527 3970 onte
545 3936 689 3970 mensnram
707 3917 816 3968 deletum
834 3917 863 3966 in
880 3917 905 3966 L
1040 3917 1072 3966 19
1091 3916 1133 3964 hic
1151 3914 1223 3965 Bnr-

122 3993 256 4043 nanniano
391 4007 439 4054 qno
457 4009 547 4058 morpo
566 3992 606 4042 L:
624 3991 691 4055 quod
709 3989 769 4040 libri
885 3990 918 4037 20
939 3988 1113 4040 commissuras
1136 4000 1221 4036 secure

123 4068 142 4106 el
156 4063 182 4112 in
198 4063 316 4128 margine
340 4065 420 4112 securi
438 4062 463 4112 L
481 4065 558 4129 qnasi
575 4065 688 4113 insecsns
706 4060 830 4124 scriptum
840 4058 928 4126 snserit
1037 4061 1068 4108 21
1081 4059 1221 4107 firmitatem

123 4130 300 4200 cliroproplins
312 4135 435 4186 Donnes.-
453 4136 620 4186 infirmitatem
633 4132 687 4202 Lyat
757 4133 853 4201 Ascylti
866 4139 912 4201 pt:
931 4131 1048 4202 Ascyltos
1067 4129 1100 4196 L,
1119 4128 1222 4196 Ascylto

122 4216 200 4271 moryo
217 4205 242 4256 L
