3008 4962
564 418 706 472 SATthlt
1168 431 1186 490 5

37 585 206 638 torentosa
224 577 313 638 istaec
332 584 362 637 et
382 579 511 640 enormis
531 576 690 659 loquacitas
705 577 832 638 Athenas
853 597 888 638 ex
907 577 975 639 Asia
995 581 1189 658 conmigravit

82 677 255 754 animosque
275 677 412 736 iuvenum
432 676 468 736 ad
491 683 594 755 magna
616 683 770 754 surgentes
790 675 878 736 veluti
898 677 1043 754 pestilenti
1060 678 1187 758 quodam

83 776 177 836 sidere
194 767 318 844 adflavit}
336 773 483 852 semelque
498 779 636 852 corrupta
651 773 750 851 regula
766 773 927 852 eloquentia
943 776 1022 835 stetit
1036 782 1065 835 et
1080 776 1188 838 obmu-

82 875 144 934 tuit.
166 873 212 934 'ad
233 890 394 946 summam,
416 874 481 951 quis
501 880 604 952 postea
620 872 812 952 Thucydidis,
834 873 900 950 quis
915 870 1070 950 Hyperidis
1091 874 1127 934 ad
1142 875 1187 934 fa-

55 981 160 1032 tmam
188 967 358 1049 processit?
394 990 427 1033 ac
447 989 485 1031 ne
504 989 622 1032 carmen
642 970 759 1049 quidem
779 970 843 1030 sani
864 969 971 1030 coloris
992 971 1106 1042 enituit,
1134 973 1188 1032 sed

85 1071 180 1130 omnia
196 1069 281 1148 quasi
296 1069 398 1130 eodem
415 1069 479 1130 cibo
495 1076 578 1148 pasta
594 1085 655 1129 non
671 1075 832 1147 potuerunt
846 1086 941 1146 usque
956 1069 991 1129 ad
1008 1077 1187 1132 senectutem

85 1187 245 1230 canescere.
276 1167 388 1247 pictura
411 1185 529 1246 quoque
549 1184 610 1226 non
630 1166 716 1227 alium
738 1167 846 1226 exitum
862 1167 943 1237 lecit,
960 1175 1116 1246 postquam
1132 1169 1188 1229 he-

84 1267 248 1345 gyptiorum
265 1265 383 1326 audacia
399 1272 458 1326 tam
474 1281 596 1342 magnae
612 1266 681 1325 artis
697 1258 945 1344 compendiariam
961 1257 1088 1330 invenit.³

164 1382 230 1425 non
252 1371 297 1426 est
311 1381 418 1443 passus
434 1362 637 1441 Agamemnon
653 1383 701 1425 me
717 1363 825 1424 diutius
842 1362 1001 1424 declamare
1016 1365 1046 1425 in
1062 1365 1187 1442 porticu,
1203 1361 1221 1422 3

44 1473 69 1521 10
86 1481 168 1540 quam
194 1463 261 1542 ipse
282 1462 313 1522 in
334 1459 412 1520 scola
434 1460 599 1536 sudaverat,
626 1462 678 1522 sed
694 1452 892 1522 ‘adulescens'
914 1462 1009 1540 inquit
1030 1452 1186 1539 ‘quoniam

84 1579 249 1622 sermonem
265 1559 354 1620 habes
370 1574 431 1618 non
448 1558 555 1638 publici
567 1559 682 1638 saporis
695 1565 733 1628 et,
749 1559 828 1636 quod
840 1559 1023 1620 rarissimum
1036 1566 1089 1630 est,
1105 1579 1187 1621 amas

84 1659 187 1719 bonam
203 1664 347 1731 mentem,
366 1674 429 1716 non
449 1656 589 1717 fraudabo
605 1664 633 1717 te
649 1664 709 1716 arte
724 1655 843 1715 sioreta.
873 1656 1014 1719 nimirum
1029 1659 1060 1717 in
1076 1656 1121 1717 his
1138 1677 1188 1718 ex-

86 1756 301 1818 ercitationibus
318 1755 454 1816 doetores
470 1761 600 1832 peccaut,
618 1755 667 1833 qui
682 1771 802 1813 necesse
817 1753 926 1814 habent
938 1773 1004 1815 oum
1016 1755 1187 1816 insanienti-

85 1855 135 1916 bus
160 1855 269 1916 furere.
298 1870 366 1912 uam
386 1851 443 1912 nisi
465 1851 591 1914 dixerint
611 1870 683 1930 quae
703 1851 910 1912 adolescentuli
929 1851 1068 1929 probent,
1095 1858 1128 1912 ut
1150 1852 1189 1913 ait

153 2024 165 2070 l
185 2022 284 2071 isthaec
302 2014 369 2080 Lpt:
388 2031 434 2064 orn.
454 2015 549 2080 reliqui
678 2018 841 2082 conmigrauit
859 2015 951 2067 BFG:
977 2018 1105 2082 emigravit
1127 2015 1152 2065 T
1166 2025 1190 2066 et

908 2095 920 2125 θ

85 2139 136 2195 ‘alia'
157 2143 218 2195 libri
235 2141 307 2208 aprici
324 2133 494 2207 Scaliqemm’
518 2156 581 2205 quos
601 2141 725 2192 Heinsius
743 2141 869 2206 appellat,
887 2142 1060 2222 epi-nmigravit
1069 2142 1101 2205 L,
1121 2157 1189 2192 com·

87 2248 195 2311 migrauit
212 2243 309 2308 reliqui
433 2243 448 2291 2
468 2244 564 2292 animos
587 2242 642 2293 siue
665 2257 712 2305 que
729 2242 869 2294 AODFGs
886 2242 1081 2292 Laurentianus

88 2318 182 2382 magna]
196 2334 213 2366 a
232 2331 284 2380 gna
302 2313 403 2380 syllaba
420 2312 512 2378 incipit
528 2314 556 2362 Ε
643 2328 746 2376 surgens
755 2313 895 2366 AODFea
904 2313 1100 2364 Laurentianus

89 2392 101 2437 3
119 2392 202 2454 sydere
220 2385 274 2437 Ee
380 2385 481 2434 adflauit
499 2383 539 2435 B:
557 2385 651 2435 efflauit
669 2384 763 2448 reliqui
869 2388 1016 2448 simulatque
1028 2401 1048 2445 a,
1068 2386 1189 2448 simulque

88 2460 142 2510 inde
154 2479 171 2510 a
184 2455 357 2509 Goldastiaua
364 2463 540 2521 propoqaluua
629 2457 714 2518 regula
727 2457 866 2520 eloquentia
878 2457 979 2521 scripsi,
991 2457 1050 2505 item
1062 2454 1189 2506 Haasiua:

89 2533 235 2595 eloquentiae
254 2528 412 2594 (elloquentie
425 2526 460 2592 A)
478 2529 563 2590 regula
576 2524 636 2577 libri
648 2542 739 2576 ornnes.
772 2529 911 2590 eloquentia
928 2528 1014 2590 regulo
1027 2534 1056 2576 ut
1073 2534 1189 2590 corrupta

88 2605 166 2666 regula
178 2600 294 2651 ablatiuo
312 2599 464 2664 efferrentur
483 2597 598 2661 Ceresius,
617 2599 760 2661 incorrupta
773 2599 926 2662 eloquentiae
939 2599 1024 2660 regula
1035 2597 1141 2664 substitit
1152 2596 1190 2649 H.

89 2673 185 2734 laninas,
203 2672 345 2734 eloquentia
362 2671 415 2720 sine
432 2671 518 2732 regula
536 2685 580 2734 eqo
598 2668 658 2717 olins
676 2669 833 2719 coniecerarn
932 2669 1063 2718 ommutuit
1074 2666 1108 2719 B.
1128 2669 1190 2716 obti-

90 2746 136 2793 nuit
150 2741 306 2794 Wouweriua
395 2743 411 2789 4
430 2742 461 2791 ad
480 2755 602 2789 summam
615 2739 723 2806 (sumam
737 2738 771 2804 d)
791 2738 861 2804 quael
874 2747 935 2804 poet
951 2747 1038 2803 postea
1051 2739 1143 2804 leqitur
1160 2739 1189 2788 in

88 2814 163 2880 libris,
181 2814 232 2865 buc
251 2829 295 2878 epo
314 2811 469 2876 transposui,
487 2812 547 2862 itern
561 2810 679 2861 Haasius
786 2813 828 2875 qui
844 2810 1000 2862 ABeFeP.
1038 2810 1099 2870 Quis
1123 2809 1190 2861 dele-

90 2886 125 2935 uit
145 2894 167 2938 ct
184 2891 305 2936 cmurnate
322 2883 463 2948 anteposito
482 2884 535 2946 quis
554 2899 633 2947 super
650 2881 755 2946 scripsit
770 2881 796 2932 L
902 2883 1034 2932 tuchididis
1053 2881 1091 2944 A,
1110 2883 1189 2931 tuchi-

91 2958 153 3008 dides
170 2957 228 3021 BP,
247 2957 378 3006 thucididis
399 2953 426 3019 0,
446 2956 559 3003 tucididis
578 2955 611 3021 E,
629 2955 755 3003 tuchitidis
776 2952 825 3004 FG
932 2952 1011 3018 quie
1118 2955 1189 3016 nipe-

90 3029 140 3078 ridis
152 3029 209 3094 Fe,
225 3045 237 3079 s
251 3027 376 3093 prouiuea
393 3034 417 3078 et
435 3028 470 3090 hy
483 3025 582 3076 litterae
593 3026 622 3076 iu
634 3042 731 3076 rasura
739 3025 773 3087 B,
786 3026 891 3092 yperidis
904 3025 930 3076 P
1037 3027 1051 3073 5
1070 3026 1190 3088 processit

92 3130 202 3190 processit
220 3128 246 3177 L
354 3143 453 3177 carmen
479 3126 579 3191 quidem
594 3125 700 3190 BLpst:
720 3126 819 3188 quidem
836 3141 937 3175 carmen
949 3125 981 3188 P,
1001 3139 1101 3176 carmen
1123 3127 1189 3189 quod

93 3199 177 3262 reliqui
329 3199 404 3248 enitui
429 3197 452 3248 G
588 3199 602 3245 6
622 3199 680 3246 tabo
705 3198 807 3260 depasta
831 3195 957 3246 Heinsius
1086 3205 1189 3262 potuere

93 3269 173 3320 AEFa
315 3284 393 3333 usque
412 3285 459 3321 ern.
479 3275 495 3332 t,
514 3285 567 3318 raon
588 3266 614 3316 Τ
736 3272 749 3317 l
770 3269 835 3332 cepit
852 3283 922 3332 susp.
940 3266 1066 3318 Heinsius

93 3342 230 3404 egiptiorum
254 3338 318 3402 AF,
347 3341 485 3404 aegytiorum
508 3338 540 3391 P.
576 3339 737 3402 topiariorum
762 3353 831 3402 susp.
864 3337 891 3391 0.
909 3337 942 3390 F.
962 3339 1130 3388 Herncaunus
1157 3337 1189 3387 cle

92 3410 258 3464 Romanorum
275 3427 362 3463 amere
380 3411 476 3462 artium
495 3425 651 3475 operumque
663 3426 693 3474 p.
706 3412 746 3457 35'
759 3409 823 3461 cerel.
847 3408 966 3459 Vitruuio
990 3408 1050 3458 VII
1066 3412 1080 3457 3

94 3483 107 3528 8
124 3486 217 3534 audatia
235 3483 287 3535 Be
393 3491 447 3532 tum
465 3480 491 3531 A
598 3481 798 3545 conpendiariam
816 3479 850 3543 F,
869 3480 1052 3543 compendiaria
1069 3480 1102 3543 Ε,
1121 3494 1189 3528 com·

93 3557 227 3615 prodieram
246 3555 270 3606 (Ξ
395 3557 409 3604 9
429 3560 465 3602 eet
484 3551 598 3617 BLPpt:
617 3567 665 3604 arn.
683 3551 777 3617 reliqui
884 3566 1023 3614 agamenon
1039 3546 1100 3612 AF,
1120 3551 1188 3614 Aga-

94 3638 192 3676 mennon
211 3644 223 3678 s
331 3626 420 3676 diutius
438 3640 479 3675 me
498 3624 645 3690 transponit
662 3623 695 3677 L.
723 3623 812 3670 diuhlis
830 3619 860 3670 F
962 3623 1058 3685 portico
1077 3621 1111 3685 B,
1132 3637 1188 3686 por-

94 3695 161 3745 ticum
180 3699 206 3748 P
313 3699 345 3746 10
365 3712 414 3760 qna
435 3694 459 3746 L
584 3711 658 3760 quam
685 3695 759 3745 eham
785 3695 838 3758 ipse
865 3693 933 3742 scola
953 3692 985 3745 P.
1022 3695 1090 3742 scola
1114 3693 1190 3742 etiarn

94 3765 186 3818 ABOF
306 3769 450 3819 adulescens
469 3764 528 3816 de:
551 3768 713 3816 adhulescens
738 3781 804 3817 corr.
828 3779 859 3814 ea
878 3765 1048 3814 adhulencens
1066 3764 1105 3828 B,
1130 3767 1189 3813 ado-

93 3837 179 3889 lescens
195 3840 290 3904 reliqui
397 3840 481 3902 inquid
499 3837 525 3888 P
630 3838 758 3901 quoniam]
778 3841 827 3900 qui>
846 3835 880 3898 B,
899 3851 949 3899 quo
967 3835 993 3885 P
1101 3839 1131 3884 11
1153 3843 1190 3885 set

95 3906 116 3955 G
234 3911 310 3976 quod]
337 3911 395 3975 quin
420 3907 527 3972 ODFG‚
550 3924 639 3974 rnarqo
657 3924 669 3957 s
689 3923 745 3956 cum
763 3906 943 3958 Laurentiano
1059 3908 1101 3970 qui
1119 3922 1189 3955 amas

95 3977 255 4032 llemmiauua
369 3984 396 4030 12
417 3983 475 4032 artis
498 3987 593 4030 secreto
611 3995 700 4044 marpo
718 3987 729 4027 t
834 3979 950 4027 nimirum
968 3977 1030 4027 libri
1048 3977 1101 4028 nisi
1119 3976 1189 4042 quod

95 4049 122 4098 lli
133 4055 217 4103 mirum
227 4053 255 4104 F
261 4051 343 4105 babel.
361 4054 491 4102 minimum
501 4051 642 4102 Gralielneus
649 4067 658 4111 ;
663 4049 778 4115 fortasse
790 4051 905 4099 nimirum
918 4050 979 4098 nihil
1069 4047 1104 4116 in]
1116 4050 1189 4098 etiam

96 4119 118 4167 P
213 4126 242 4175 iis
262 4123 336 4176 ODG
445 4126 477 4172 13
496 4125 596 4172 doctore
614 4121 644 4172 F
746 4128 835 4186 putant
852 4119 997 4184 peccantD
1106 4135 1190 4169 neees-

97 4222 151 4270 earie
168 4223 195 4272 F
290 4229 323 4275 14
342 4227 410 4276 fuere
428 4223 457 4274 F
560 4225 608 4274 nisi
626 4225 695 4285 -6‚
716 4226 728 4272 1
748 4195 915 4285 relinquentur
933 4219 1022 4284 adfert
1030 4218 1189 4285 florileqiurn
