3022 4956
284 455 325 534 're
759 453 915 512 arraona

111 589 189 706 s
228 610 268 673 el
368 609 510 672 ndnmur
525 627 583 674 nos
603 617 633 674 et
650 609 758 691 pariter
777 611 1292 693 ammorrhaeorum
1305 625 1436 695 rega-u

131 665 194 806 Q)
284 723 351 770 mus
364 715 535 784 nocturnas,
550 714 582 772 ut
595 709 657 774 suis
673 727 706 772 se
719 709 834 774 srdidae
847 717 973 782 mneaut
990 711 1061 780 dum
1075 713 1208 781 redimus
1221 733 1241 776 a
1255 729 1374 779 cara

367 899 396 957 et
415 911 485 958 saue
504 893 562 958 iam
579 893 714 956 lucernae
733 892 805 958 mihi
822 892 938 1004 plures
936 892 1108 962 ridebantur
1121 896 1226 960 ardere
1240 903 1397 982 totumque

282 991 440 1056 triclinium
455 1011 520 1056 esse
531 999 684 1066 mutatum,
701 1010 768 1056 cum
781 967 957 1054 Trimalchio
969 984 1118 1058 ‘tibidicc’
1130 992 1226 1074 iuquit
1236 987 1397 1070 ‘Pleume

283 1091 356 1156 nihil
368 1088 493 1155 narras?
508 1090 580 1156 nihil
593 1107 651 1154 nos
666 1087 838 1158 delectaris?
854 1097 884 1156 el
897 1088 1012 1157 solebas
1027 1091 1146 1154 suavius
1160 1110 1243 1163 esse,
1258 1091 1331 1156 belle
1346 1093 1394 1160 di·
1413 1100 1428 1148 ⁵

283 1191 381 1256 rcrhia
394 1190 500 1264 dicere,
514 1189 616 1254 melica
627 1188 782 1252 canturire.
802 1189 936 1264 heuheu,
947 1189 1048 1252 abistis
1059 1189 1151 1274 dulcis
1163 1182 1293 1260 caricae?
1315 1183 1396 1254 ‘'iam
1508 1269 1509 1276 ἵ

284 1288 379 1370 inquit
393 1288 439 1350 illc
450 1277 622 1368 ‘quadrigae
637 1305 718 1350 meae
733 1288 968 1362 decucurrerunt,
983 1307 1018 1350 cx
1032 1305 1091 1368 quo
1107 1287 1285 1371 podagricus
1300 1291 1396 1368 factus
1508 1289 1509 1314 *

285 1405 361 1450 sum.
391 1385 518 1466 alioquin
533 1403 600 1448 eum
614 1404 711 1451 essem
726 1384 977 1460 adulescentulus,
998 1385 1142 1450 cautando
1157 1405 1251 1466 paene
1265 1388 1397 1468 phthisi·

285 1503 336 1546 cus
361 1483 454 1546 iactus
481 1501 557 1546 sum.
592 1483 661 1564 quid
680 1480 806 1548 sumet
833 1483 902 1564 quid
922 1479 1073 1546 diverbia?
1099 1483 1171 1563 quid
1189 1485 1397 1552 tonstrinum?

285 1599 372 1662 quern
388 1597 489 1661 parem
500 1580 598 1658 habui,
614 1581 670 1644 uisi
681 1599 772 1643 onum
784 1571 978 1660 Apelletem?³
1002 1577 1244 1666 appositaquead
1256 1604 1291 1648 cs
1303 1604 1396 1650 mauu
1416 1600 1444 1650 lc

283 1679 384 1745 nescio
401 1679 468 1760 quid
484 1686 608 1744 taetrum
621 1677 773 1750 exihilarit,
788 1679 867 1758 quod
877 1679 1133 1760 posteaGraecum
1144 1699 1211 1747 esse
1221 1680 1397 1748 affirmabat

365 1797 421 1844 uec
431 1795 493 1842 non
503 1777 678 1842 Trimalchio
690 1777 754 1860 ipse
766 1795 832 1840 aum
842 1774 986 1841 tubicines
997 1777 1225 1864 essetimitatus,
1233 1781 1269 1843 ad
1277 1780 1397 1847 delicias

285 1897 353 1944 suas
368 1875 506 1959 respexit,
521 1895 608 1958 quem
623 1874 764 1939 Croesum
775 1873 948 1956 appellabat.
976 1893 1051 1955 puer
1062 1883 1159 1941 autem
1170 1876 1280 1958 lippus,
1295 1879 1397 1942 sordi-

285 1977 415 2047 dissimis
431 1974 580 2048 dentibus,
599 1973 729 2035 catellam
747 1972 861 2052 nigram
881 1980 967 2053 atque
985 1968 1155 2038 indecenter
1167 1976 1310 2056 pinguem
1325 1996 1397 2058 pra-

283 2075 348 2140 sina
365 2073 528 2138 involvebat
545 2071 635 2137 lascis
654 2089 818 2152 panemque
839 2089 1003 2160 semessum
1021 2072 1153 2152 ponebat
1172 2092 1265 2156 super
1283 2079 1396 2154 torum,
1417 2092 1445 2142 rs
1509 2097 1510 2106 ¹

286 2182 373 2254 alque
403 2173 462 2237 hoo
488 2189 596 2234 nausea
620 2177 806 2234 recusantem
828 2169 987 2256 saginabat
1026 2189 1085 2252 quo
1110 2171 1280 2238 admonitus
1304 2172 1399 2238 cilicii

287 2269 464 2331 Trimalchio
482 2270 628 2350 Scylacem
647 2269 732 2331 iussit
745 2258 871 2332 adduci‘
877 2269 1054 2348 praesidium
1070 2245 1398 2352 domusiamiliaeque,

285 2386 340 2430 nec
354 2385 447 2442 mora,
462 2367 586 2448 ingentis
600 2366 714 2428 formae
728 2367 871 2430 adductus
887 2375 933 2430 est
943 2367 1023 2430 canis
1035 2374 1137 2430 catena
1147 2368 1275 2445 vinctus,
1290 2368 1398 2430 admo·

273 2467 424 2548 ,nilusque
442 2465 554 2529 ostiarii
573 2464 662 2539 calce,
686 2472 718 2530 ut
737 2466 868 2542 cubaret,
894 2473 961 2528 ante
974 2482 1113 2528 ¹prensam
1133 2485 1166 2528 se
1185 2468 1295 2549 posuit.
1331 2473 1399 2530 trun

358 2707 374 2754 2
394 2703 491 2754 sedibus
509 2701 610 2756 addidi.
646 2708 674 2751 ot
691 2702 769 2750 triuiis
785 2713 814 2751 se
833 2705 882 2751 cut
898 2701 974 2750 triuiie
992 2702 1042 2750 sais
1061 2716 1087 2752 se
1113 2696 1226 2754 Wehlius
1240 2717 1269 2768 p.
1288 2703 1324 2754 36

285 2776 406 2826 maumam
438 2773 591 2840 waliconi.
633 2773 743 2823 relatum
774 2778 831 2822 ercl
859 2771 891 2822 ele
920 2779 1068 2838 augescente
1097 2773 1270 2824 ammiratum
1296 2785 1398 2839 suaque

286 2847 405 2898 ebrietate
519 2848 536 2893 4
553 2846 666 2908 ploaame
684 2843 719 2893 H
730 2851 761 2894 ut
775 2844 919 2894 coniecerat
935 2842 1079 2907 Reinesius,
1098 2859 1150 2894 non
1167 2846 1287 2909 plocrims

288 2920 302 2966 5
322 2925 348 2965 at
366 2913 511 2979 Scdqffemca
623 2917 722 2964 menius
740 2913 847 2979 scripsi:
865 2916 947 2964 suanis
966 2913 1001 2964 H.
1038 2914 1072 2980 cs.
1091 2913 1128 2964 ad
1140 2931 1172 2980 p.
1192 2919 1234 2978 12,
1254 2917 1286 2965 lu

286 2986 323 3037 eie
342 2985 459 3036 ordinem
481 2986 595 3036 mutauit
620 2987 742 3035 canturire
760 2987 822 3036 helie
842 2986 969 3048 deecrhia,
994 2986 1092 3036 edicere
1110 2989 1226 3036 melicum
1244 2985 1280 3038 H.
1316 2986 1398 3037 intere

281 3063 424 3124 punpemtes
436 3064 499 3120 poet
515 3058 639 3106 eanturhe
654 3053 799 3121 Scheffemre
816 3058 877 3107 belle
895 3055 1005 3106 diuerhis
1023 3057 1104 3107 dicere
1122 3059 1251 3120 melicano,
1270 3057 1398 3109 Heinsius

287 3130 349 3179 helle
368 3128 477 3177 diarrhia
495 3129 592 3178 adicere
611 3127 760 3192 thymelica,
777 3126 835 3180 Iac.
856 3126 1004 3178 Gronouiua
1023 3129 1084 3179 helle
1104 3129 1215 3178 diuerhio
1233 3130 1316 3179 dicere
1333 3131 1397 3180 *mu

287 3203 334 3254 lea.
370 3199 554 3264 interpungenr
574 3203 636 3264 post
652 3199 714 3246 helle
732 3196 867 3248 Iacchsa'ua
880 3199 988 3248 diarrhia
1006 3199 1088 3248 dicere
1105 3201 1170 3249 mele
1187 3215 1285 3250 cauere
1323 3199 1399 3251 haud

286 3272 370 3338 inepte
389 3271 512 3322 canturire
530 3269 593 3320 helle
611 3269 734 3329 melicum,
753 3267 862 3318 diusrhia
880 3270 977 3319 adicere
995 3268 1110 3322 Gnosius.
1121 3269 1158 3334 fit
1170 3269 1295 3336 gradatio
1307 3286 1397 3336 apra·

284 3343 447 3396 mundatione
465 3339 578 3394 diuortii
596 3339 633 3390 ad
650 3337 848 3389 modulationem
859 3340 1017 3390 emericorum
1107 3345 1121 3390 6
1135 3342 1177 3390 uhi
1190 3341 1248 3392 estis
1261 3341 1397 3406 Hermaion,

286 3416 358 3467 abisti
374 3413 508 3467 Iaecdsius
614 3412 710 3462 caricae
723 3407 880 3476 Scheffence:
898 3408 1025 3461 cericsH
1129 3411 1296 3463 8tisicusH

288 3492 302 3538 9
318 3489 434 3540 deuerhia
446 3486 480 3537 H
564 3485 713 3536 tonstrinum
724 3481 759 3532 H
765 3480 834 3547 quod
846 3498 897 3531 non
909 3480 1016 3534 dubium
1028 3489 1065 3532 eat
1077 3483 1142 3547 guin
1153 3481 1223 3534 idem
1235 3497 1267 3534 aa
1277 3484 1397 3538 mima

286 3560 428 3612 licucleat
441 3559 623 3624 gf.p.58,12.
650 3557 703 3606 toni
720 3555 869 3606 histrionum
887 3551 1012 3604 Halaesina
1117 3556 1149 3604 10
1168 3549 1202 3617 qfi
1221 3553 1259 3604 H.
1283 3554 1314 3606 id
1325 3555 1396 3609 Bur-

286 3631 376 3680 eianua
387 3631 487 3693 quaudo
499 3629 686 3693 interpretatur
793 3625 906 3689 Apellam
921 3624 1072 3690 trcpoedum
1083 3624 1214 3690 iruellapas
1225 3625 1259 3675 ch
1272 3624 1396 3678 Suetonio

285 3699 315 3750 in
332 3700 390 3752 uita
408 3699 540 3764 Caligulam
564 3716 586 3752 c.
604 3699 639 3751 33
657 3704 823 3750 mmmmm
929 3698 1090 3760 appositaque
1113 3695 1251 3747 Heinsius:
1271 3700 1395 3762 opposito·

287 3768 378 3833 qaeH
458 3773 488 3818 ll
501 3768 616 3833 sortasse
629 3770 735 3820 sihileuit
821 3769 852 3816 12
871 3772 931 3816 anm
944 3766 1187 3832 ncedeessepauaa
1199 3766 1327 3820 uidentem·

289 3843 321 3892 13
340 3840 449 3902 respexit
467 3855 533 3890 corr.
553 3853 585 3892 cc·
603 3840 719 3904 rexpexit
736 3837 767 3888 H
887 3838 1060 3888 sordidissimis
1078 3835 1238 3902 Sahcffcrue:
1257 3840 1392 3894 sordidissi-

287 3927 343 3962 mos
361 3909 391 3962 H
534 3914 565 3960 14
583 3912 683 3976 prasina
702 3917 727 3960 et
742 3909 772 3960 im
789 3908 905 3974 margine
923 3909 939 3958 i.
958 3908 1030 3958 uiridi
1048 3907 1082 3958 H
1221 3912 1253 3960 15
1273 3926 1393 3962 semesum

286 3981 471 4034 Burmannus:
489 3983 617 4032 semissem
634 3980 671 4035 H.
707 3988 851 4032 semestrem
869 3977 994 4032 Heinsius
1101 3995 1175 4044 super
1193 3980 1304 4046 car-ipsi.-
1322 3997 1394 4046 sopra

287 4051 321 4106 H
426 4055 456 4102 16
476 4053 526 4101 hoo
539 4049 736 4103 Hadrianides:
754 4054 803 4102 hac
817 4050 852 4101 H.
871 4059 992 4114 meatque
1005 4047 1142 4102 delendum
1155 4059 1179 4102 et
1191 4067 1221 4101 ec
1233 4051 1394 4104 senderrdum

287 4119 340 4178 esti
367 4126 433 4173 haue
447 4121 634 4189 praeterillud
644 4120 836 4185 Hadrianides,
855 4124 918 4172 haee
931 4119 1077 4186 Schcfferus
1090 4129 1151 4186 post
1161 4129 1320 4174 recusantem
1333 4131 1393 4174 aare·

286 4197 383 4248 mecum
394 4188 519 4246 alaeam
607 4193 742 4244 nsudsH
826 4192 901 4242 cilicii
918 4191 1012 4257 scripsi
1029 4200 1059 4242 ut
1075 4191 1196 4244 rideatur
1214 4203 1336 4247 consucta
1352 4193 1393 4244 ho·

287 4268 351 4322 mini
368 4259 493 4338 lypsanis.-
511 4265 592 4315 officio
611 4263 644 4315 H
754 4266 784 4313 17
804 4259 914 4312 ludenda
931 4257 994 4314 leaeo
1016 4261 1213 4315 Trimalchionis
1231 4264 1315 4316 ucrda
1327 4271 1393 4330 puta
