<?xml version="1.0" encoding="UTF-8"?>
<!DOCTYPE html PUBLIC "-//W3C//DTD XHTML 1.0 Transitional//EN"
    "http://www.w3.org/TR/xhtml1/DTD/xhtml1-transitional.dtd">
<html xmlns="http://www.w3.org/1999/xhtml" xml:lang="en" lang="en">
 <head>
  <title>
</title>
<meta http-equiv="Content-Type" content="text/html;charset=utf-8" />
  <meta name='ocr-system' content='tesseract 3.04.00' />
  <meta name='ocr-capabilities' content='ocr_page ocr_carea ocr_par ocr_line ocrx_word'/>
</head>
<body>
  <div class='ocr_page' id='page_1' title='image "./petroniiarbitri00buecgoog_0261.png"; bbox 0 0 3078 4956; ppageno 0'>
   <div class='ocr_carea' id='block_1_1' title="bbox 390 1428 1395 1552">
    <p class='ocr_par' dir='ltr' id='par_1_1' title="bbox 390 1428 1395 1552">
     <span class='ocr_line' id='line_1_1' title="bbox 390 1428 1395 1552; baseline -0.001 -5"><span class='ocrx_word' id='word_1_1' title='bbox 390 1428 635 1547; x_wconf 77' lang='lat' dir='ltr'><strong>Puusnn</strong></span> <span class='ocrx_word' id='word_1_2' title='bbox 669 1428 1009 1548; x_wconf 74' lang='lat' dir='ltr'><strong>sunnonis</strong></span> <span class='ocrx_word' id='word_1_3' title='bbox 1037 1428 1395 1552; x_wconf 80' lang='lat' dir='ltr'><strong>RELIQVIAE</strong></span> 
     </span>
    </p>
   </div>
   <div class='ocr_carea' id='block_1_2' title="bbox 888 1796 901 1858">
    <p class='ocr_par' dir='ltr' id='par_1_2' title="bbox 888 1796 901 1858">
     <span class='ocr_line' id='line_1_2' title="bbox 888 1796 901 1858; baseline 0 0"><span class='ocrx_word' id='word_1_4' title='bbox 888 1796 901 1858; x_wconf 91' lang='grc' dir='ltr'>Ι</span> 
     </span>
    </p>
   </div>
   <div class='ocr_carea' id='block_1_3' title="bbox 257 1913 1538 2668">
    <p class='ocr_par' dir='ltr' id='par_1_3' title="bbox 257 1913 1538 2668">
     <span class='ocr_line' id='line_1_3' title="bbox 424 1913 1453 1998; baseline 0.001 -21"><span class='ocrx_word' id='word_1_5' title='bbox 424 1915 546 1980; x_wconf 79' lang='lat' dir='ltr'><strong>Seruius</strong></span> <span class='ocrx_word' id='word_1_6' title='bbox 561 1917 599 1979; x_wconf 87' lang='lat' dir='ltr'><strong>ud</strong></span> <span class='ocrx_word' id='word_1_7' title='bbox 618 1915 726 1998; x_wconf 79' lang='lat' dir='ltr'><strong>Vorptli</strong></span> <span class='ocrx_word' id='word_1_8' title='bbox 738 1915 807 1978; x_wconf 83' lang='lat' dir='ltr'><strong>Aera.</strong></span> <span class='ocrx_word' id='word_1_9' title='bbox 822 1913 873 1976; x_wconf 87' lang='grc' dir='ltr'><strong>ΙΙΙ</strong></span> <span class='ocrx_word' id='word_1_10' title='bbox 884 1916 927 1976; x_wconf 78' lang='grc'><strong>57</strong></span> <span class='ocrx_word' id='word_1_11' title='bbox 934 1935 943 1978; x_wconf 88' lang='grc'><strong>.·</strong></span> <span class='ocrx_word' id='word_1_12' title='bbox 963 1917 1026 1979; x_wconf 89' lang='lat' dir='ltr'><strong>auri</strong></span> <span class='ocrx_word' id='word_1_13' title='bbox 1045 1933 1126 1977; x_wconf 88' lang='lat' dir='ltr'><strong>sacra</strong></span> <span class='ocrx_word' id='word_1_14' title='bbox 1140 1913 1242 1994; x_wconf 79' lang='lat' dir='ltr'><strong>fames]</strong></span> <span class='ocrx_word' id='word_1_15' title='bbox 1260 1932 1342 1978; x_wconf 90' lang='lat' dir='ltr'><strong>sacra</strong></span> <span class='ocrx_word' id='word_1_16' title='bbox 1357 1915 1387 1977; x_wconf 93' lang='lat' dir='ltr'><strong>id</strong></span> <span class='ocrx_word' id='word_1_17' title='bbox 1403 1924 1453 1978; x_wconf 90' lang='lat' dir='ltr'><strong>est</strong></span> 
     </span>
     <span class='ocr_line' id='line_1_4' title="bbox 341 2012 1454 2080; baseline 0.001 -4"><span class='ocrx_word' id='word_1_18' title='bbox 341 2016 516 2080; x_wconf 84' lang='lat' dir='ltr'><strong>execrabilis.</strong></span> <span class='ocrx_word' id='word_1_19' title='bbox 546 2021 653 2078; x_wconf 87' lang='lat' dir='ltr'><strong>tractus</strong></span> <span class='ocrx_word' id='word_1_20' title='bbox 669 2023 715 2077; x_wconf 92' lang='lat' dir='ltr'><strong>est</strong></span> <span class='ocrx_word' id='word_1_21' title='bbox 728 2023 825 2078; x_wconf 84' lang='lat' dir='ltr'><strong>autem</strong></span> <span class='ocrx_word' id='word_1_22' title='bbox 841 2034 939 2077; x_wconf 88' lang='lat' dir='ltr'><strong>sermo</strong></span> <span class='ocrx_word' id='word_1_23' title='bbox 955 2034 991 2076; x_wconf 83' lang='lat' dir='ltr'><strong>ex</strong></span> <span class='ocrx_word' id='word_1_24' title='bbox 1005 2032 1089 2076; x_wconf 89' lang='lat' dir='ltr'><strong>more</strong></span> <span class='ocrx_word' id='word_1_25' title='bbox 1104 2012 1261 2076; x_wconf 74' lang='lat' dir='ltr'>Gallorum.</span> <span class='ocrx_word' id='word_1_26' title='bbox 1283 2032 1352 2077; x_wconf 89' lang='lat' dir='ltr'><strong>nam</strong></span> <span class='ocrx_word' id='word_1_27' title='bbox 1368 2015 1454 2078; x_wconf 87' lang='lat' dir='ltr'><strong>Mas-</strong></span> 
     </span>
     <span class='ocr_line' id='line_1_5' title="bbox 341 2111 1453 2195; baseline -0.001 -20"><span class='ocrx_word' id='word_1_28' title='bbox 341 2114 472 2175; x_wconf 89' lang='lat' dir='ltr'><strong>silienses</strong></span> <span class='ocrx_word' id='word_1_29' title='bbox 489 2114 624 2195; x_wconf 89' lang='lat' dir='ltr'><strong>quotiens</strong></span> <span class='ocrx_word' id='word_1_30' title='bbox 640 2113 803 2194; x_wconf 83' lang='lat' dir='ltr'><strong>pestilentia</strong></span> <span class='ocrx_word' id='word_1_31' title='bbox 817 2111 1002 2186; x_wconf 90' lang='lat' dir='ltr'><strong>laborabant,</strong></span> <span class='ocrx_word' id='word_1_32' title='bbox 1017 2131 1094 2174; x_wconf 89' lang='lat' dir='ltr'><strong>unos</strong></span> <span class='ocrx_word' id='word_1_33' title='bbox 1110 2132 1142 2174; x_wconf 88' lang='lat' dir='ltr'><strong>se</strong></span> <span class='ocrx_word' id='word_1_34' title='bbox 1156 2132 1190 2174; x_wconf 81' lang='lat' dir='ltr'><strong>eu</strong></span> <span class='ocrx_word' id='word_1_35' title='bbox 1205 2112 1384 2193; x_wconf 87' lang='lat' dir='ltr'><strong>pauperibus</strong></span> <span class='ocrx_word' id='word_1_36' title='bbox 1400 2114 1453 2174; x_wconf 83' lang='lat' dir='ltr'><strong>of-</strong></span> 
     </span>
     <span class='ocr_line' id='line_1_6' title="bbox 340 2211 1452 2296; baseline 0.002 -24"><span class='ocrx_word' id='word_1_37' title='bbox 340 2211 452 2273; x_wconf 76' lang='lat' dir='ltr'><strong>ferebat</strong></span> <span class='ocrx_word' id='word_1_38' title='bbox 466 2212 587 2273; x_wconf 89' lang='lat' dir='ltr'><strong>alondus</strong></span> <span class='ocrx_word' id='word_1_39' title='bbox 602 2228 680 2284; x_wconf 90' lang='lat' dir='ltr'><strong>anno</strong></span> <span class='ocrx_word' id='word_1_40' title='bbox 696 2211 810 2290; x_wconf 75' lang='lat' dir='ltr'><strong>integro</strong></span> <span class='ocrx_word' id='word_1_41' title='bbox 826 2211 950 2291; x_wconf 92' lang='lat' dir='ltr'><strong>publicis</strong></span> <span class='ocrx_word' id='word_1_42' title='bbox 966 2211 1126 2296; x_wconf 72' lang='lat' dir='ltr'><strong>sumptibus</strong></span> <span class='ocrx_word' id='word_1_43' title='bbox 1140 2217 1169 2272; x_wconf 90' lang='lat' dir='ltr'><strong>et</strong></span> <span class='ocrx_word' id='word_1_44' title='bbox 1182 2211 1351 2291; x_wconf 88' lang='lat' dir='ltr'><strong>purioribus</strong></span> <span class='ocrx_word' id='word_1_45' title='bbox 1365 2212 1452 2274; x_wconf 87' lang='lat' dir='ltr'><strong>cibis.</strong></span> 
     </span>
     <span class='ocr_line' id='line_1_7' title="bbox 341 2308 1485 2392; baseline 0 -22"><span class='ocrx_word' id='word_1_46' title='bbox 341 2309 389 2371; x_wconf 90' lang='lat' dir='ltr'><strong>bic</strong></span> <span class='ocrx_word' id='word_1_47' title='bbox 408 2317 510 2389; x_wconf 91' lang='lat' dir='ltr'><strong>postea</strong></span> <span class='ocrx_word' id='word_1_48' title='bbox 531 2318 653 2372; x_wconf 90' lang='lat' dir='ltr'><strong>ornatus</strong></span> <span class='ocrx_word' id='word_1_49' title='bbox 672 2308 805 2370; x_wconf 89' lang='lat' dir='ltr'><strong>verbenis</strong></span> <span class='ocrx_word' id='word_1_50' title='bbox 821 2317 850 2371; x_wconf 91' lang='lat' dir='ltr'><strong>et</strong></span> <span class='ocrx_word' id='word_1_51' title='bbox 864 2308 991 2370; x_wconf 84' lang='lat' dir='ltr'><strong>vestibus</strong></span> <span class='ocrx_word' id='word_1_52' title='bbox 1006 2309 1096 2371; x_wconf 90' lang='lat' dir='ltr'><strong>sacris</strong></span> <span class='ocrx_word' id='word_1_53' title='bbox 1111 2309 1381 2372; x_wconf 80' lang='lat' dir='ltr'><strong>circumducebatur</strong></span> <span class='ocrx_word' id='word_1_54' title='bbox 1395 2331 1452 2392; x_wconf 88' lang='lat' dir='ltr'><strong>per</strong></span> <span class='ocrx_word' id='word_1_55' title='bbox 1471 2323 1485 2370; x_wconf 84' lang='lat'><strong>5</strong></span> 
     </span>
     <span class='ocr_line' id='line_1_8' title="bbox 341 2406 1538 2488; baseline 0.003 -20"><span class='ocrx_word' id='word_1_56' title='bbox 341 2413 434 2469; x_wconf 90' lang='lat' dir='ltr'><strong>totam</strong></span> <span class='ocrx_word' id='word_1_57' title='bbox 455 2407 597 2470; x_wconf 84' lang='lat' dir='ltr'><strong>civitatem</strong></span> <span class='ocrx_word' id='word_1_58' title='bbox 618 2426 684 2470; x_wconf 92' lang='lat' dir='ltr'><strong>cum</strong></span> <span class='ocrx_word' id='word_1_59' title='bbox 706 2406 953 2481; x_wconf 83' lang='lat' dir='ltr'><strong>execrationibus,</strong></span> <span class='ocrx_word' id='word_1_60' title='bbox 974 2408 1058 2468; x_wconf 92' lang='lat' dir='ltr'><strong>utin</strong></span> <span class='ocrx_word' id='word_1_61' title='bbox 1079 2407 1177 2488; x_wconf 92' lang='lat' dir='ltr'><strong>ipsum</strong></span> <span class='ocrx_word' id='word_1_62' title='bbox 1197 2408 1360 2470; x_wconf 88' lang='lat' dir='ltr'><strong>reciderent</strong></span> <span class='ocrx_word' id='word_1_63' title='bbox 1375 2409 1454 2471; x_wconf 87' lang='lat' dir='ltr'><strong>mala</strong></span> <span class='ocrx_word' id='word_1_64' title='bbox 1537 2437 1538 2442; x_wconf 42' lang='lat'>¹</span> 
     </span>
     <span class='ocr_line' id='line_1_9' title="bbox 257 2505 1451 2587; baseline 0.002 -20"><span class='ocrx_word' id='word_1_65' title='bbox 257 2523 268 2548; x_wconf 88' lang='lat'><strong>·</strong></span> <span class='ocrx_word' id='word_1_66' title='bbox 340 2505 432 2568; x_wconf 90' lang='lat' dir='ltr'><strong>totius</strong></span> <span class='ocrx_word' id='word_1_67' title='bbox 458 2505 595 2582; x_wconf 88' lang='lat' dir='ltr'><strong>civitatis,</strong></span> <span class='ocrx_word' id='word_1_68' title='bbox 627 2513 656 2567; x_wconf 92' lang='lat' dir='ltr'><strong>et</strong></span> <span class='ocrx_word' id='word_1_69' title='bbox 681 2506 725 2568; x_wconf 90' lang='lat' dir='ltr'><strong>sio</strong></span> <span class='ocrx_word' id='word_1_70' title='bbox 749 2506 1002 2587; x_wconf 85' lang='lat' dir='ltr'><strong>praecipitabatur.</strong></span> <span class='ocrx_word' id='word_1_71' title='bbox 1047 2506 1105 2568; x_wconf 94' lang='lat' dir='ltr'><strong>boc</strong></span> <span class='ocrx_word' id='word_1_72' title='bbox 1129 2515 1225 2569; x_wconf 91' lang='lat' dir='ltr'><strong>autem</strong></span> <span class='ocrx_word' id='word_1_73' title='bbox 1250 2507 1281 2569; x_wconf 92' lang='lat' dir='ltr'><strong>in</strong></span> <span class='ocrx_word' id='word_1_74' title='bbox 1306 2507 1451 2570; x_wconf 89' lang='lat' dir='ltr'><strong>Petronio</strong></span> 
     </span>
     <span class='ocr_line' id='line_1_10' title="bbox 340 2603 508 2668; baseline 0.012 -2"><span class='ocrx_word' id='word_1_75' title='bbox 340 2603 446 2668; x_wconf 88' lang='lat' dir='ltr'><strong>lectum</strong></span> <span class='ocrx_word' id='word_1_76' title='bbox 461 2613 508 2668; x_wconf 88' lang='lat' dir='ltr'><strong>est</strong></span> 
     </span>
    </p>
   </div>
   <div class='ocr_carea' id='block_1_4' title="bbox 341 2771 1453 3058">
    <p class='ocr_par' dir='ltr' id='par_1_4' title="bbox 341 2771 1453 3058">
     <span class='ocr_line' id='line_1_11' title="bbox 411 2771 1452 2846; baseline 0.002 -15"><span class='ocrx_word' id='word_1_77' title='bbox 411 2779 458 2831; x_wconf 82' lang='lat' dir='ltr'><strong>boc</strong></span> <span class='ocrx_word' id='word_1_78' title='bbox 478 2771 571 2831; x_wconf 77' lang='lat' dir='ltr'><strong>‘ueluti</strong></span> <span class='ocrx_word' id='word_1_79' title='bbox 590 2779 719 2846; x_wconf 76' lang='lat' dir='ltr'><strong>pertinum</strong></span> <span class='ocrx_word' id='word_1_80' title='bbox 743 2779 867 2844; x_wconf 78' lang='lat' dir='ltr'><strong>discerpti</strong></span> <span class='ocrx_word' id='word_1_81' title='bbox 890 2781 1003 2845; x_wconf 78' lang='lat' dir='ltr'><strong>corporis</strong></span> <span class='ocrx_word' id='word_1_82' title='bbox 1018 2773 1176 2846; x_wconf 72' lang='lat' dir='ltr'><strong>fruendum’</strong></span> <span class='ocrx_word' id='word_1_83' title='bbox 1207 2787 1336 2831; x_wconf 75' lang='lat' dir='ltr'><strong>eoetremoe</strong></span> <span class='ocrx_word' id='word_1_84' title='bbox 1363 2797 1452 2833; x_wconf 75' lang='lat' dir='ltr'><strong>cortem</strong></span> 
     </span>
     <span class='ocr_line' id='line_1_12' title="bbox 341 2851 1328 2917; baseline 0 -15"><span class='ocrx_word' id='word_1_85' title='bbox 341 2865 408 2916; x_wconf 76' lang='lat' dir='ltr'><strong>quoe</strong></span> <span class='ocrx_word' id='word_1_86' title='bbox 425 2860 564 2917; x_wconf 70' lang='lat' dir='ltr'><strong>supercurrat</strong></span> <span class='ocrx_word' id='word_1_87' title='bbox 576 2852 652 2916; x_wconf 81' lang='lat' dir='ltr'><strong>porti</strong></span> <span class='ocrx_word' id='word_1_88' title='bbox 669 2851 766 2902; x_wconf 75' lang='lat' dir='ltr'><strong>adiecit</strong></span> <span class='ocrx_word' id='word_1_89' title='bbox 784 2851 923 2902; x_wconf 64' lang='lat' dir='ltr'><strong>timoratius</strong></span> <span class='ocrx_word' id='word_1_90' title='bbox 1042 2856 1058 2900; x_wconf 76' lang='grc'><strong>4</strong></span> <span class='ocrx_word' id='word_1_91' title='bbox 1076 2853 1214 2915; x_wconf 76' lang='lat' dir='ltr'><strong>sumptibus</strong></span> <span class='ocrx_word' id='word_1_92' title='bbox 1232 2851 1328 2902; x_wconf 81' lang='lat' dir='ltr'><strong>addidi</strong></span> 
     </span>
     <span class='ocr_line' id='line_1_13' title="bbox 343 2922 1453 2988; baseline 0.003 -17"><span class='ocrx_word' id='word_1_93' title='bbox 343 2926 356 2971; x_wconf 81' lang='grc'><strong>7</strong></span> <span class='ocrx_word' id='word_1_94' title='bbox 377 2923 452 2972; x_wconf 83' lang='lat' dir='ltr'><strong>totins</strong></span> <span class='ocrx_word' id='word_1_95' title='bbox 471 2939 518 2975; x_wconf 76' lang='lat' dir='ltr'><strong>cm.</strong></span> <span class='ocrx_word' id='word_1_96' title='bbox 536 2922 721 2974; x_wconf 79' lang='lat' dir='ltr'><strong>Putisaorrioatu</strong></span> <span class='ocrx_word' id='word_1_97' title='bbox 862 2924 1036 2988; x_wconf 83' lang='lat' dir='ltr'><strong>proiicicbstur</strong></span> <span class='ocrx_word' id='word_1_98' title='bbox 1052 2923 1252 2987; x_wconf 78' lang='lat' dir='ltr'><strong>Putiaeoniunu,</strong></span> <span class='ocrx_word' id='word_1_99' title='bbox 1271 2926 1453 2988; x_wconf 87' lang='lat' dir='ltr'><strong>prosiciebatur</strong></span> 
     </span>
     <span class='ocr_line' id='line_1_14' title="bbox 341 2991 1453 3058; baseline 0 -16"><span class='ocrx_word' id='word_1_100' title='bbox 341 2991 452 3056; x_wconf 75' lang='lat' dir='ltr'><strong>Daniel,</strong></span> <span class='ocrx_word' id='word_1_101' title='bbox 475 2995 610 3043; x_wconf 83' lang='lat' dir='ltr'><strong>necabatur</strong></span> <span class='ocrx_word' id='word_1_102' title='bbox 632 2993 712 3044; x_wconf 68' lang='lat' dir='ltr'><strong>eadee</strong></span> <span class='ocrx_word' id='word_1_103' title='bbox 729 2991 858 3058; x_wconf 70' lang='lat' dir='ltr'><strong>Stephani</strong></span> <span class='ocrx_word' id='word_1_104' title='bbox 998 2994 1139 3045; x_wconf 82' lang='lat' dir='ltr'><strong>secundum</strong></span> <span class='ocrx_word' id='word_1_105' title='bbox 1155 2991 1278 3044; x_wconf 77' lang='lat' dir='ltr'><strong>Seruium</strong></span> <span class='ocrx_word' id='word_1_106' title='bbox 1296 2995 1453 3046; x_wconf 76' lang='lat' dir='ltr'><strong>Lactantius</strong></span> 
     </span>
    </p>
   </div>
   <div class='ocr_carea' id='block_1_5' title="bbox 260 3060 1452 3130">
    <p class='ocr_par' dir='ltr' id='par_1_5' title="bbox 260 3060 1452 3130">
     <span class='ocr_line' id='line_1_15' title="bbox 260 3060 1452 3130; baseline 0.003 -18"><span class='ocrx_word' id='word_1_107' title='bbox 260 3101 263 3106; x_wconf 88' lang='lat'>.</span> <span class='ocrx_word' id='word_1_108' title='bbox 340 3060 422 3113; x_wconf 70' lang='lat' dir='ltr'><strong>Statii</strong></span> <span class='ocrx_word' id='word_1_109' title='bbox 438 3063 566 3128; x_wconf 72' lang='lat' dir='ltr'><strong>interpres</strong></span> <span class='ocrx_word' id='word_1_110' title='bbox 587 3064 617 3114; x_wconf 79' lang='lat' dir='ltr'><strong>in</strong></span> <span class='ocrx_word' id='word_1_111' title='bbox 638 3063 713 3118; x_wconf 74' lang='lat' dir='ltr'><strong>u&#39;tet.</strong></span> <span class='ocrx_word' id='word_1_112' title='bbox 732 3064 762 3113; x_wconf 86' lang='lat' dir='ltr'><em>X</em></span> <span class='ocrx_word' id='word_1_113' title='bbox 777 3068 829 3115; x_wconf 81' lang='lat'><strong>793</strong></span> <span class='ocrx_word' id='word_1_114' title='bbox 853 3067 956 3116; x_wconf 84' lang='lat' dir='ltr'><strong>lustrare</strong></span> <span class='ocrx_word' id='word_1_115' title='bbox 978 3066 1064 3130; x_wconf 82' lang='lat' dir='ltr'><strong>inquit</strong></span> <span class='ocrx_word' id='word_1_116' title='bbox 1085 3066 1211 3115; x_wconf 75' lang='lat' dir='ltr'><strong>ciuitatem</strong></span> <span class='ocrx_word' id='word_1_117' title='bbox 1232 3067 1343 3116; x_wconf 83' lang='lat' dir='ltr'><strong>humana</strong></span> <span class='ocrx_word' id='word_1_118' title='bbox 1366 3068 1452 3116; x_wconf 85' lang='lat' dir='ltr'><strong>hostia</strong></span> 
     </span>
    </p>
   </div>
   <div class='ocr_carea' id='block_1_6' title="bbox 341 3133 1452 3417">
    <p class='ocr_par' dir='ltr' id='par_1_6' title="bbox 341 3133 1452 3417">
     <span class='ocr_line' id='line_1_16' title="bbox 341 3133 1452 3202; baseline 0.002 -18"><span class='ocrx_word' id='word_1_119' title='bbox 341 3133 452 3185; x_wconf 74' lang='lat' dir='ltr'><strong>Guneus</strong></span> <span class='ocrx_word' id='word_1_120' title='bbox 474 3150 529 3184; x_wconf 89' lang='lat' dir='ltr'><strong>mos</strong></span> <span class='ocrx_word' id='word_1_121' title='bbox 552 3143 596 3185; x_wconf 77' lang='lat' dir='ltr'><strong>est</strong></span> <span class='ocrx_word' id='word_1_122' title='bbox 632 3151 692 3186; x_wconf 80' lang='lat' dir='ltr'><strong>num</strong></span> <span class='ocrx_word' id='word_1_123' title='bbox 717 3137 804 3200; x_wconf 83' lang='lat' dir='ltr'><strong>aliquis</strong></span> <span class='ocrx_word' id='word_1_124' title='bbox 828 3138 859 3186; x_wconf 90' lang='lat' dir='ltr'><strong>do</strong></span> <span class='ocrx_word' id='word_1_125' title='bbox 878 3139 1040 3201; x_wconf 81' lang='lat' dir='ltr'><strong>egentissimis</strong></span> <span class='ocrx_word' id='word_1_126' title='bbox 1058 3138 1226 3202; x_wconf 86' lang='lat' dir='ltr'><strong>pelliciebatur</strong></span> <span class='ocrx_word' id='word_1_127' title='bbox 1242 3140 1359 3201; x_wconf 83' lang='lat' dir='ltr'><strong>praemiis</strong></span> <span class='ocrx_word' id='word_1_128' title='bbox 1378 3147 1407 3186; x_wconf 91' lang='lat' dir='ltr'><strong>ut</strong></span> <span class='ocrx_word' id='word_1_129' title='bbox 1426 3153 1452 3186; x_wconf 87' lang='lat' dir='ltr'><strong>se</strong></span> 
     </span>
     <span class='ocr_line' id='line_1_17' title="bbox 341 3205 1451 3274; baseline 0.002 -18"><span class='ocrx_word' id='word_1_130' title='bbox 341 3205 374 3256; x_wconf 75' lang='lat' dir='ltr'><strong>ud</strong></span> <span class='ocrx_word' id='word_1_131' title='bbox 391 3205 442 3256; x_wconf 89' lang='lat' dir='ltr'><strong>hoc</strong></span> <span class='ocrx_word' id='word_1_132' title='bbox 460 3207 587 3257; x_wconf 81' lang='lat' dir='ltr'><strong>uenderet.</strong></span> <span class='ocrx_word' id='word_1_133' title='bbox 615 3208 657 3270; x_wconf 87' lang='lat' dir='ltr'><strong>qui</strong></span> <span class='ocrx_word' id='word_1_134' title='bbox 674 3222 742 3256; x_wconf 79' lang='lat' dir='ltr'><strong>enno</strong></span> <span class='ocrx_word' id='word_1_135' title='bbox 760 3215 814 3256; x_wconf 88' lang='lat' dir='ltr'><strong>toto</strong></span> <span class='ocrx_word' id='word_1_136' title='bbox 830 3209 934 3272; x_wconf 88' lang='lat' dir='ltr'><strong>publicis</strong></span> <span class='ocrx_word' id='word_1_137' title='bbox 951 3211 1089 3274; x_wconf 84' lang='lat' dir='ltr'><strong>sumptibus</strong></span> <span class='ocrx_word' id='word_1_138' title='bbox 1106 3210 1217 3258; x_wconf 84' lang='lat' dir='ltr'><strong>alebatur</strong></span> <span class='ocrx_word' id='word_1_139' title='bbox 1228 3210 1369 3272; x_wconf 87' lang='lat' dir='ltr'><strong>purioribus</strong></span> <span class='ocrx_word' id='word_1_140' title='bbox 1383 3211 1451 3258; x_wconf 90' lang='lat' dir='ltr'><strong>cibis.</strong></span> 
     </span>
     <span class='ocr_line' id='line_1_18' title="bbox 342 3277 1452 3344; baseline 0.002 -16"><span class='ocrx_word' id='word_1_141' title='bbox 342 3277 447 3342; x_wconf 86' lang='lat' dir='ltr'><strong>donique</strong></span> <span class='ocrx_word' id='word_1_142' title='bbox 466 3287 534 3329; x_wconf 89' lang='lat' dir='ltr'><strong>certo</strong></span> <span class='ocrx_word' id='word_1_143' title='bbox 552 3285 578 3328; x_wconf 84' lang='lat' dir='ltr'><strong>ot</strong></span> <span class='ocrx_word' id='word_1_144' title='bbox 594 3279 707 3328; x_wconf 86' lang='lat' dir='ltr'><strong>sollemni</strong></span> <span class='ocrx_word' id='word_1_145' title='bbox 724 3280 764 3328; x_wconf 85' lang='lat' dir='ltr'><strong>die</strong></span> <span class='ocrx_word' id='word_1_146' title='bbox 781 3294 826 3343; x_wconf 88' lang='lat' dir='ltr'><strong>per</strong></span> <span class='ocrx_word' id='word_1_147' title='bbox 843 3287 922 3329; x_wconf 69' lang='lat' dir='ltr'><strong>totam</strong></span> <span class='ocrx_word' id='word_1_148' title='bbox 940 3282 1065 3330; x_wconf 86' lang='lat' dir='ltr'><strong>ciuitatem</strong></span> <span class='ocrx_word' id='word_1_149' title='bbox 1084 3281 1172 3329; x_wconf 87' lang='lat' dir='ltr'><strong>ductus</strong></span> <span class='ocrx_word' id='word_1_150' title='bbox 1191 3295 1223 3330; x_wconf 86' lang='lat' dir='ltr'><strong>ex</strong></span> <span class='ocrx_word' id='word_1_151' title='bbox 1236 3282 1303 3344; x_wconf 86' lang='lat' dir='ltr'><strong>urbe,</strong></span> <span class='ocrx_word' id='word_1_152' title='bbox 1323 3289 1395 3331; x_wconf 82' lang='lat' dir='ltr'><strong>extra</strong></span> <span class='ocrx_word' id='word_1_153' title='bbox 1407 3295 1452 3344; x_wconf 89' lang='lat' dir='ltr'><strong>po-</strong></span> 
     </span>
     <span class='ocr_line' id='line_1_19' title="bbox 341 3348 1188 3417; baseline -0.001 -17"><span class='ocrx_word' id='word_1_154' title='bbox 341 3351 419 3400; x_wconf 78' lang='lat' dir='ltr'><strong>meria</strong></span> <span class='ocrx_word' id='word_1_155' title='bbox 436 3351 504 3400; x_wconf 78' lang='lat' dir='ltr'><strong>suxis</strong></span> <span class='ocrx_word' id='word_1_156' title='bbox 521 3349 680 3402; x_wconf 75' lang='lat' dir='ltr'><strong>occidebatur</strong></span> <span class='ocrx_word' id='word_1_157' title='bbox 697 3365 713 3400; x_wconf 75' lang='lat' dir='ltr'><strong>a</strong></span> <span class='ocrx_word' id='word_1_158' title='bbox 730 3351 823 3416; x_wconf 88' lang='lat' dir='ltr'><strong>pupulo</strong></span> <span class='ocrx_word' id='word_1_159' title='bbox 930 3350 992 3401; x_wconf 75' lang='lat' dir='ltr'><strong>uide</strong></span> <span class='ocrx_word' id='word_1_160' title='bbox 1009 3351 1046 3402; x_wconf 84' lang='lat' dir='ltr'><strong>ud</strong></span> <span class='ocrx_word' id='word_1_161' title='bbox 1055 3350 1098 3417; x_wconf 83' lang='lat' dir='ltr'><strong>fr.</strong></span> <span class='ocrx_word' id='word_1_162' title='bbox 1116 3348 1188 3400; x_wconf 87' lang='lat' dir='ltr'><em>IIII</em></span> 
     </span>
    </p>
   </div>
   <div class='ocr_carea' id='block_1_7' title="bbox 884 3563 910 3624">
    <p class='ocr_par' dir='ltr' id='par_1_7' title="bbox 884 3563 910 3624">
     <span class='ocr_line' id='line_1_20' title="bbox 884 3563 910 3624; baseline 0.038 -1"><span class='ocrx_word' id='word_1_163' title='bbox 884 3563 910 3624; x_wconf 91' lang='lat' dir='ltr'><strong>ll</strong></span> 
     </span>
    </p>
   </div>
   <div class='ocr_carea' id='block_1_8' title="bbox 342 3679 1454 4140">
    <p class='ocr_par' dir='ltr' id='par_1_8' title="bbox 342 3679 1454 4140">
     <span class='ocr_line' id='line_1_21' title="bbox 427 3679 1452 3764; baseline -0.004 -18"><span class='ocrx_word' id='word_1_164' title='bbox 427 3683 550 3746; x_wconf 78' lang='lat' dir='ltr'><strong>Seruius</strong></span> <span class='ocrx_word' id='word_1_165' title='bbox 563 3685 603 3748; x_wconf 89' lang='lat' dir='ltr'><strong>od</strong></span> <span class='ocrx_word' id='word_1_166' title='bbox 621 3682 731 3764; x_wconf 79' lang='lat' dir='ltr'><strong>Vcrpili</strong></span> <span class='ocrx_word' id='word_1_167' title='bbox 743 3681 813 3745; x_wconf 74' lang='lat' dir='ltr'><strong>dett</strong></span> <span class='ocrx_word' id='word_1_168' title='bbox 827 3681 887 3744; x_wconf 85' lang='grc' dir='ltr'><strong>ΧΗ</strong></span> <span class='ocrx_word' id='word_1_169' title='bbox 900 3679 964 3743; x_wconf 85' lang='grc'><strong>159</strong></span> <span class='ocrx_word' id='word_1_170' title='bbox 980 3683 1013 3744; x_wconf 84' lang='lat' dir='ltr'><strong>de</strong></span> <span class='ocrx_word' id='word_1_171' title='bbox 1026 3683 1168 3762; x_wconf 75' lang='lat' dir='ltr'><strong>feminino</strong></span> <span class='ocrx_word' id='word_1_172' title='bbox 1183 3685 1335 3744; x_wconf 78' lang='lat' dir='ltr'><strong>morinum</strong></span> <span class='ocrx_word' id='word_1_173' title='bbox 1348 3685 1380 3742; x_wconf 79' lang='lat' dir='ltr'><strong>rb</strong></span> <span class='ocrx_word' id='word_1_174' title='bbox 1392 3701 1452 3742; x_wconf 85' lang='lat' dir='ltr'><strong>roo</strong></span> 
     </span>
     <span class='ocr_line' id='line_1_22' title="bbox 343 3780 1453 3864; baseline -0.003 -20"><span class='ocrx_word' id='word_1_175' title='bbox 343 3785 510 3844; x_wconf 66' lang='lat' dir='ltr'><strong>meetabet</strong></span> <span class='ocrx_word' id='word_1_176' title='bbox 524 3801 628 3862; x_wconf 71' lang='lat' dir='ltr'><strong>petiere</strong></span> <span class='ocrx_word' id='word_1_177' title='bbox 638 3785 837 3864; x_wconf 71' lang='lat' dir='ltr'><strong>praecipimus:</strong></span> <span class='ocrx_word' id='word_1_178' title='bbox 853 3781 878 3843; x_wconf 93' lang='lat' dir='ltr'><strong>si</strong></span> <span class='ocrx_word' id='word_1_179' title='bbox 894 3789 991 3843; x_wconf 86' lang='lat' dir='ltr'><strong>autem</strong></span> <span class='ocrx_word' id='word_1_180' title='bbox 1006 3780 1126 3842; x_wconf 85' lang='lat' dir='ltr'><strong>averbo</strong></span> <span class='ocrx_word' id='word_1_181' title='bbox 1138 3798 1200 3842; x_wconf 93' lang='lat' dir='ltr'><strong>non</strong></span> <span class='ocrx_word' id='word_1_182' title='bbox 1211 3781 1350 3855; x_wconf 82' lang='lat' dir='ltr'><strong>venerint,</strong></span> <span class='ocrx_word' id='word_1_183' title='bbox 1365 3800 1453 3842; x_wconf 88' lang='lat' dir='ltr'><strong>com-</strong></span> 
     </span>
     <span class='ocr_line' id='line_1_23' title="bbox 342 3877 1454 3950; baseline -0.004 -8"><span class='ocrx_word' id='word_1_184' title='bbox 342 3879 444 3943; x_wconf 84' lang='lat' dir='ltr'><strong>munia</strong></span> <span class='ocrx_word' id='word_1_185' title='bbox 460 3887 538 3942; x_wconf 87' lang='lat' dir='ltr'><strong>sunt</strong></span> <span class='ocrx_word' id='word_1_186' title='bbox 567 3898 636 3943; x_wconf 87' lang='lat' dir='ltr'><strong>nam</strong></span> <span class='ocrx_word' id='word_1_187' title='bbox 653 3880 787 3944; x_wconf 85' lang='lat' dir='ltr'><strong>similitor</strong></span> <span class='ocrx_word' id='word_1_188' title='bbox 800 3877 963 3944; x_wconf 89' lang='lat' dir='ltr'><strong>masculina</strong></span> <span class='ocrx_word' id='word_1_189' title='bbox 976 3886 1005 3939; x_wconf 87' lang='lat' dir='ltr'><strong>et</strong></span> <span class='ocrx_word' id='word_1_190' title='bbox 1019 3878 1160 3941; x_wconf 85' lang='lat' dir='ltr'><strong>feminina</strong></span> <span class='ocrx_word' id='word_1_191' title='bbox 1173 3880 1204 3939; x_wconf 90' lang='lat' dir='ltr'><strong>in</strong></span> <span class='ocrx_word' id='word_1_192' title='bbox 1216 3898 1275 3941; x_wconf 84' lang='lat' dir='ltr'><strong>rou</strong></span> <span class='ocrx_word' id='word_1_193' title='bbox 1286 3885 1401 3950; x_wconf 85' lang='lat' dir='ltr'><strong>exeunt,</strong></span> <span class='ocrx_word' id='word_1_194' title='bbox 1419 3887 1454 3939; x_wconf 93' lang='lat' dir='ltr'><strong>ut</strong></span> 
     </span>
     <span class='ocr_line' id='line_1_24' title="bbox 343 3976 1452 4056; baseline -0.002 -16"><span class='ocrx_word' id='word_1_195' title='bbox 343 3977 392 4042; x_wconf 90' lang='lat' dir='ltr'><strong>bic</strong></span> <span class='ocrx_word' id='word_1_196' title='bbox 406 3985 436 4040; x_wconf 90' lang='lat' dir='ltr'><strong>et</strong></span> <span class='ocrx_word' id='word_1_197' title='bbox 450 3977 522 4040; x_wconf 85' lang='lat' dir='ltr'><strong>baec</strong></span> <span class='ocrx_word' id='word_1_198' title='bbox 536 3987 662 4052; x_wconf 86' lang='lat' dir='ltr'><strong>senator,</strong></span> <span class='ocrx_word' id='word_1_199' title='bbox 676 3979 724 4041; x_wconf 89' lang='lat' dir='ltr'><strong>hic</strong></span> <span class='ocrx_word' id='word_1_200' title='bbox 738 3987 768 4042; x_wconf 88' lang='lat' dir='ltr'><strong>et</strong></span> <span class='ocrx_word' id='word_1_201' title='bbox 781 3979 852 4040; x_wconf 86' lang='lat' dir='ltr'><strong>baec</strong></span> <span class='ocrx_word' id='word_1_202' title='bbox 867 3977 1025 4050; x_wconf 88' lang='lat' dir='ltr'><strong>balneator,</strong></span> <span class='ocrx_word' id='word_1_203' title='bbox 1041 3976 1106 4040; x_wconf 86' lang='lat' dir='ltr'><strong>licet</strong></span> <span class='ocrx_word' id='word_1_204' title='bbox 1116 3977 1274 4040; x_wconf 88' lang='lat' dir='ltr'><strong>Petronius</strong></span> <span class='ocrx_word' id='word_1_205' title='bbox 1289 3994 1452 4056; x_wconf 84' lang='lat' dir='ltr'><strong>usurpave-</strong></span> 
     </span>
     <span class='ocr_line' id='line_1_25' title="bbox 343 4065 742 4140; baseline -0.005 0"><span class='ocrx_word' id='word_1_206' title='bbox 343 4075 383 4140; x_wconf 88' lang='lat' dir='ltr'><strong>rit</strong></span> <span class='ocrx_word' id='word_1_207' title='bbox 391 4065 401 4094; x_wconf 80' lang='lat'><em>‘</em></span> <span class='ocrx_word' id='word_1_208' title='bbox 410 4069 627 4139; x_wconf 83' lang='lat' dir='ltr'><strong>balneatricem&#39;</strong></span> <span class='ocrx_word' id='word_1_209' title='bbox 641 4076 742 4139; x_wconf 88' lang='lat' dir='ltr'><strong>dicens</strong></span> 
     </span>
    </p>
   </div>
   <div class='ocr_carea' id='block_1_9' title="bbox 412 4241 1413 4316">
    <p class='ocr_par' dir='ltr' id='par_1_9' title="bbox 412 4241 1413 4316">
     <span class='ocr_line' id='line_1_26' title="bbox 412 4241 1413 4316; baseline 0 -14"><span class='ocrx_word' id='word_1_210' title='bbox 412 4241 548 4304; x_wconf 71' lang='lat' dir='ltr'><strong>‘uideuatur</strong></span> <span class='ocrx_word' id='word_1_211' title='bbox 564 4247 712 4304; x_wconf 68' lang='lat' dir='ltr'><strong>decidet-uri</strong></span> <span class='ocrx_word' id='word_1_212' title='bbox 728 4249 844 4302; x_wconf 67' lang='lat' dir='ltr'><strong>stamus</strong></span> <span class='ocrx_word' id='word_1_213' title='bbox 862 4244 953 4303; x_wconf 76' lang='lat' dir='ltr'><strong>uerbo’</strong></span> <span class='ocrx_word' id='word_1_214' title='bbox 975 4251 1057 4302; x_wconf 74' lang='lat' dir='ltr'><strong>treet-io</strong></span> <span class='ocrx_word' id='word_1_215' title='bbox 1074 4266 1128 4316; x_wconf 79' lang='lat' dir='ltr'><strong>pou</strong></span> <span class='ocrx_word' id='word_1_216' title='bbox 1146 4249 1179 4301; x_wconf 78' lang='lat' dir='ltr'><strong>de</strong></span> <span class='ocrx_word' id='word_1_217' title='bbox 1197 4265 1291 4301; x_wconf 70' lang='lat' dir='ltr'><strong>cucuso</strong></span> <span class='ocrx_word' id='word_1_218' title='bbox 1308 4250 1413 4302; x_wconf 77' lang='lat' dir='ltr'><strong>Daniel</strong></span> 
     </span>
    </p>
   </div>
   <div class='ocr_carea' id='block_1_10' title="bbox 0 0 1544 4956">
    <p class='ocr_par' dir='ltr' id='par_1_10' title="bbox 0 0 1544 4956">
     <span class='ocr_line' id='line_1_27' title="bbox 0 0 1544 4956; baseline 0 0"><span class='ocrx_word' id='word_1_219' title='bbox 0 0 1544 4956; x_wconf 95' lang='lat' dir='ltr'><strong> </strong></span> 
     </span>
    </p>
   </div>
  </div>
 </body>
</html>
