3008 4962
490 543 493 552 ,
579 487 721 539 sarrana
1164 491 1202 551 51

11 633 13 642 '
81 642 264 703 Hearnarium
284 642 313 704 in
331 643 442 716 medio,
462 651 495 704 ut
509 643 754 720 amphitheatrum
769 642 871 704 videat.
901 649 930 703 et
944 643 1031 704 babet
1044 645 1137 705 unde:
1160 663 1206 705 re-

112 739 201 801 lictum
221 749 264 802 est
283 741 324 801 illi
344 741 510 802 sestertium
531 741 690 816 tricenties,
710 741 834 802 decessit
855 741 934 802 illius
956 748 1039 820 pater
1061 743 1144 804 male.
1176 750 1209 803 ut

113 839 308 918 quadringenta
331 840 495 919 impendat,
516 858 576 900 non
597 840 701 900 sentiet
719 838 927 918 patrimonium
944 838 1034 912 illius,
1054 846 1082 899 et
1097 841 1208 919 sempi-

110 941 186 996 terno
205 936 412 998 nominabitur.
443 938 500 999 iam
523 956 640 1028 nannos
665 939 775 1018 aliquot
795 937 882 998 babet
904 945 932 998 et
953 938 1103 999 mulierem
1127 956 1208 999 esse·

85 1040 97 1087 5
113 1034 210 1095 dariam
228 1045 255 1096 et
269 1037 503 1115 dispensatorem
521 1033 667 1114 Glyconis,
684 1039 732 1116 qui
749 1035 950 1117 deprehensus
966 1043 1011 1096 est
1026 1056 1093 1097 cum
1109 1035 1206 1096 domi-

110 1149 170 1192 nam
195 1153 275 1195 suam
299 1135 499 1194 delectaretur.
534 1135 645 1196 ridebis
670 1136 771 1215 populi
793 1135 886 1196 rixam
910 1134 985 1195 inter
1009 1134 1157 1214 zelotypos
1180 1142 1209 1195 et

112 1231 325 1294 amasiunculos.
357 1232 445 1311 Glyco
461 1239 573 1302 autem,
595 1232 790 1294 sestertiarius
805 1234 906 1307 bomo,
922 1234 1155 1312 dispensatorem
1171 1233 1207 1293 ad

110 1327 206 1390 bestias
227 1332 314 1393 dedit.
346 1332 404 1391 hoc
423 1338 468 1390 est
493 1349 524 1390 se
545 1331 640 1410 ipsum
662 1333 820 1393 traducere.
856 1333 925 1413 quid
946 1351 1046 1393 servus
1072 1331 1208 1412 peccarit,

110 1429 152 1506 qui
172 1438 287 1491 coactus
307 1437 351 1490 est
369 1426 486 1489 lacere?
505 1433 598 1507 magis
619 1430 664 1490 illa
685 1431 795 1491 matella
816 1431 902 1508 digna
921 1430 978 1491 luit
998 1450 1084 1510 quam
1106 1439 1207 1492 taurus

72 1532 95 1581 lt
111 1523 223 1587 iactaret.
255 1529 306 1588 sed
329 1528 377 1607 qui
398 1529 512 1588 asinum
533 1546 593 1588 non
612 1536 723 1607 potest,
746 1537 869 1590 stratum
890 1529 989 1589 caedit.
1021 1531 1089 1609 quid
1111 1538 1207 1590 autem

110 1623 187 1704 Glyco
209 1626 327 1705 putabat
347 1626 540 1702 Hermogenis
567 1626 671 1686 filicem
697 1644 826 1705 unquam
851 1628 964 1688 bonum
984 1627 1091 1687 exitum
1114 1627 1208 1687 factu-

108 1722 184 1784 ram?
217 1726 263 1785 ille
283 1725 370 1784 milvo
391 1723 499 1783 volanti
525 1731 640 1802 poterat
660 1743 772 1802 ungues
792 1745 939 1797 resecare3
960 1723 1078 1784 colubra
1098 1732 1207 1785 restem
1261 1781 1266 1795 ,

109 1837 162 1881 non
176 1823 256 1900 parit.
289 1823 387 1901 Glyco,
404 1823 491 1901 Glyco
509 1822 586 1882 dedit
602 1841 686 1895 suas3
701 1823 796 1902 itaque
811 1822 948 1902 quamdiu
957 1809 1074 1894 'vixerit
1090 1820 1209 1883 habebit

109 1919 245 1997 stigmam,
262 1939 316 1981 nec
331 1920 408 1980 illam
424 1920 482 1980 nisi
498 1919 592 1980 Orcus
609 1920 723 1981 delebit.
748 1922 798 1980 sed
816 1921 872 1981 sibi
888 1921 1011 1999 quisque
1022 1917 1144 2000 peccati
1156 1921 1207 1981 sed

71 2025 94 2074 lt
111 2017 279 2092 subollacio‚
302 2020 380 2098 quod
401 2019 487 2079 nobis
503 2019 620 2098 epulum
638 2018 757 2078 daturus
774 2026 820 2079 est
834 2020 992 2091 Mammea,
1013 2019 1099 2079 binos
1116 2018 1206 2080 dena-

107 2115 161 2176 rios
177 2117 247 2178 mibi
274 2125 303 2178 et
321 2117 403 2178 meis.
434 2118 511 2196 quod
534 2118 558 2177 si
575 2118 631 2176 boc
645 2116 758 2191 fecerit,
780 2119 882 2198 eripiat
896 2117 1036 2178 Norbano
1052 2124 1146 2178 totum
1162 2117 1207 2179 fa-

107 2229 208 2274 vorem.
238 2215 314 2277 scias
332 2224 457 2295 oportet,
472 2215 566 2294 plenis
582 2215 650 2274 velis
665 2215 745 2276 bunc
758 2217 942 2278 vinciturum.
973 2223 1121 2289 stravere,
1138 2216 1206 2296 quid

108 2309 147 2370 ille
165 2313 248 2374 nobis
269 2313 340 2373 boni
360 2311 450 2374 fecit?
482 2314 559 2374 dedit
580 2313 751 2391 gladiatores
773 2314 969 2375 sestertiarios
989 2315 1046 2375 iam
1073 2313 1206 2394 decrepi-

107 2413 162 2480 tos,
184 2429 257 2489 quos
281 2411 306 2472 si
326 2413 492 2484 sufflasses‚
520 2410 706 2486 cecidissent3
731 2411 787 2472 iam
809 2411 945 2472 meliores
967 2410 1121 2472 bestiarios
1140 2410 1206 2472 vidi.

110 2564 313 2575 >--.-...,..-,,...
320 2570 351 2574 ..-.
358 2571 392 2575 --.

173 2657 185 2701 1
205 2656 365 2704 harenarium
376 2654 507 2707 Heinsius.
547 2654 681 2704 Gallorum
700 2655 822 2716 charnier,
841 2652 970 2704 Italorum
988 2655 1088 2714 camsjo
1107 2669 1207 2717 omnpo-

107 2723 173 2772 rauit
188 2723 319 2776 nicaena
332 2744 362 2792 p.
378 2731 411 2776 14
523 2728 679 2790 ampliteatnr
697 2725 731 2774 H
844 2726 957 2774 uideatur
975 2724 1109 2790 Heinsius,
1128 2727 1206 2774 rideat

106 2793 270 2847 Burmannus
390 2803 404 2847 2
425 2800 573 2848 sextcrcium
592 2799 719 2847 tricencies
738 2795 773 2846 H.
811 2798 891 2845 tricies
912 2795 1019 2847 Goesius
1130 2812 1207 2860 quum

107 2865 204 2916 decessit
222 2867 343 2919 Nodotus
431 2871 496 2919 male
515 2868 583 2934 quod
601 2870 685 2933 inepte
700 2867 736 2918 ad
749 2869 877 2932 impendat
888 2867 1041 2932 referebant,
1061 2868 1151 2918 leuiter
1166 2883 1208 2918 en·

107 2937 343 2991 citatidolorisnoa
357 2940 469 2994 uidetur.
493 2943 689 3004 paterMaleius.
714 2939 1207 3004 quadringentauelManlinsReislsius,

106 3016 169 3069 pater
181 3022 204 3060 et
216 3023 298 3061 mater
310 3012 443 3062 Iacobsius
515 3016 531 3060 4
545 3028 641 3060 nannos
654 3011 747 3074 scripsi
755 3009 913 3074 Scbefferurn
925 3020 1024 3062 secutas
1037 3020 1062 3061 et
1072 3011 1209 3062 Heinsiurn

106 3079 147 3142 qui
163 3086 268 3134 nanulos
288 3084 331 3134 uel
347 3086 459 3133 naniolos
478 3084 521 3133 uel
538 3085 626 3132 narrios
641 3081 815 3148 proponebat:
835 3085 931 3132 manias
950 3083 987 3135 H.
1024 3099 1130 3133 mannos
1148 3081 1209 3132 Rei-

105 3152 185 3201 nesius
312 3157 447 3205 esedariam
466 3154 500 3204 H
620 3156 723 3218 gliconis
740 3152 776 3204 H
899 3157 913 3204 6
932 3156 1021 3205 ridebis
1039 3171 1109 3219 susp.
1127 3154 1209 3204 Hein-

106 3222 154 3271 sius
280 3229 356 3276 oculis
377 3229 456 3275 rixam
475 3225 615 3276 Iacobsiua
653 3225 686 3290 cf.
703 3225 837 3289 inscriptio
855 3225 1040 3276 Henaenianae
1059 3225 1209 3275 collectionis

106 3298 169 3344 6187
183 3289 316 3361 ‘praemia
334 3297 460 3362 rinulasq.
478 3290 618 3363 [uertras'
639 3296 669 3346 ia
687 3305 724 3346 est
736 3297 831 3361 populi
937 3299 1054 3361 zelotipos
1074 3296 1108 3346 H

108 3368 118 3411 l
137 3371 319 3419 maasiuncnlos
337 3369 371 3417 H
482 3370 552 3418 Glico
571 3368 605 3418 H
714 3369 884 3417 sexterniarius
904 3367 938 3417 H
1049 3369 1081 3416 10
1101 3367 1158 3430 quia
1176 3367 1209 3416 si·

106 3451 160 3486 num
178 3439 212 3488 H
333 3443 362 3488 11
384 3441 463 3504 Glyco
482 3440 575 3505 scripsi
592 3440 692 3488 Latina
710 3439 900 3489 terminatione:
919 3439 1000 3501 glicon
1018 3436 1054 3488 H
1165 3439 1210 3486 fili-

106 3523 155 3556 cem
174 3510 203 3560 id
222 3519 386 3576 estnequam
398 3512 499 3576 filiam:
518 3514 591 3560 filiam
610 3511 745 3563 Patauina
872 3512 903 3559 12
923 3519 1030 3572 prestem
1049 3508 1092 3559 uel
1108 3510 1210 3574 pistrem

106 3577 237 3646 Heinsius,
258 3585 351 3646 piscem
369 3583 517 3646 Heinesius,
541 3593 652 3632 cerasten
673 3583 766 3632 omissa
783 3581 916 3647 nepotiane
935 3580 1067 3631 Iacobrius

108 3651 135 3699 13
155 3653 226 3703 Glico
245 3656 309 3718 glico
328 3655 363 3706 H.
401 3655 479 3720 Glyco
499 3655 573 3703 exitio
592 3653 716 3703 Heinsius
837 3668 894 3702 snos
913 3650 1071 3716 Scbefferaa,
1091 3668 1163 3702 snum
1182 3667 1210 3701 os

109 3720 238 3787 Trilleras,
259 3727 325 3774 dicas
343 3724 472 3789 Balaleisa,
490 3727 556 3774 dedit
573 3733 621 3775 aut
637 3726 746 3789 perdidit
759 3726 872 3788 scapulas
893 3723 1037 3789 lacobsius,
1056 3740 1151 3789 poenas
1170 3723 1210 3775 in·

106 3793 182 3860 telleyi
200 3797 371 3846 Burmannus
391 3797 547 3861 opinabatur
652 3799 683 3844 15
704 3797 769 3859 qnod
789 3795 912 3845 edebatur
931 3813 948 3844 a
962 3796 1062 3860 primo:
1081 3813 1107 3859 qa
1124 3795 1153 3844 id
1175 3802 1212 3844 est

105 3867 158 3926 quia
175 3868 209 3917 H
335 3885 459 3917 mammea
483 3867 517 3916 H
536 3868 604 3934 quod
628 3875 711 3917 rnetuo
736 3883 792 3916 eum
815 3866 924 3916 Heinsio
942 3876 972 3917 ut
989 3877 1054 3918 recte
1073 3882 1099 3915 se
1118 3866 1213 3916 babeat

106 3938 164 3998 quia
182 3941 326 3988 Mammoea
349 3941 392 3990 uel
413 3942 539 3989 Mammea
563 3957 614 3988 non
639 3947 696 3988 erat
718 3953 808 3986 nemeen
826 3939 878 3987 nisi
893 3939 1017 4004 feminis:
1039 3941 1151 3989 Mamma
1170 3937 1213 3988 uel

105 4008 187 4058 Mama
198 4011 377 4063 Burmannus.
405 4011 467 4062 uide
479 4029 515 4060 an
524 4011 568 4060 illo
579 4014 679 4060 minine
687 4017 816 4074 patronus
828 4009 925 4075 cellapii
938 4011 1083 4076 appellatus
1095 4011 1129 4059 sit

108 4083 136 4127 16
155 4085 217 4131 meis
237 4081 283 4132 boc
307 4091 343 4132 est
367 4083 469 4148 callepio
494 4083 699 4133 centonariorum
842 4083 941 4146 arripiat
959 4082 994 4135 H.
1019 4083 1104 4146 eripiet
1121 4078 1211 4145 Sebet'·

98 4147 173 4211 feras
301 4158 331 4203 17
352 4157 500 4203 uinciturum
523 4155 552 4204 in
571 4153 687 4218 petenda
705 4151 836 4202 aedilitate
855 4153 975 4208 coloniae.
1011 4155 1135 4203 uicturum
1154 4149 1212 4201 Ha·

106 4219 248 4287 drionides,
267 4233 396 4274 nacturum
417 4225 532 4289 Cresius,
551 4228 642 4275 iturum
661 4224 786 4275 Heinsius
877 4227 909 4274 18
930 4220 1146 4275 sexterniariosH

107 4295 137 4342 19
156 4297 285 4346 bustiarios
303 4298 347 4348 uel
363 4298 501 4346 bustuarios
524 4297 699 4348 Tilebontenus
718 4295 902 4362 Reinesiusque

977 4377 1012 4429 ,μ
