3022 4956
561 457 705 512 sarman
1126 455 1186 520 127

66 624 81 674 t
169 616 193 677 is
210 616 258 696 qui
273 621 361 678 nocta
375 615 552 678 miserorum
565 615 678 678 furtum
694 611 930 695 deprehenderat,
945 609 1042 674 Hesus
1057 609 1186 686 nomina,

95 714 182 776 subito
201 715 374 794 proclamat:
391 706 474 794 tergo
495 714 533 776 illi
552 714 601 794 qui
623 721 706 783 sunt,
734 711 783 793 qui
802 717 889 773 nocta
914 711 949 774 ad
976 711 1075 774 lunam
1101 710 1187 774 rade-

94 813 189 876 bantur
212 813 344 894 pessimo
371 813 485 874 medius
511 813 597 874 fidius
613 810 778 898 exemplo?
812 811 898 873 audio
921 808 998 872 enim
1019 827 1081 872 non
1101 809 1188 872 licere

96 912 217 992 cuiquam
232 912 400 974 mortalium
421 912 452 972 in
471 931 542 974 nave
553 930 646 992 nequa
661 931 773 991 ungues
789 927 882 991 neque
897 907 1016 988 capillos
1031 908 1187 990 deponere,

72 1013 144 1072 tuisi
168 1031 231 1074 curn
253 1012 356 1092 pelago
376 1019 480 1073 ventus
499 1001 650 1073 irascitur?
678 1010 833 1074 excanduit
851 1008 954 1072 Lichas
977 1007 1035 1070 hoc
1050 1025 1187 1070 sermone
1199 1009 1257 1071 105

97 1112 217 1174 turbatus
241 1119 271 1172 et
286 1101 390 1172 ‘itane'
413 1102 656 1191 inquit‘capillos
672 1107 773 1188 aliquis
788 1108 818 1169 in
834 1126 906 1170 nave
918 1106 1066 1187 praecidit,
1080 1114 1110 1168 at
1131 1105 1189 1168 hoc

97 1217 171 1270 nocte
191 1207 388 1290 intempesta?
414 1209 547 1272 attrahite
567 1209 649 1270 ocius
664 1217 805 1271 nocentes
826 1207 856 1269 in
876 1206 1019 1280 medium,
1039 1212 1072 1268 ut
1090 1204 1189 1281 sciant,

97 1329 209 1388 quorum
230 1307 374 1394 capitibus
390 1308 492 1370 debeat
505 1307 652 1386 navigium
669 1298 805 1368 lustrari?
830 1295 902 1385 ‘ego'
919 1306 1014 1386 iuquit
1024 1304 1188 1385 Eumolpus

94 1400 156 1470 ‘boe
168 1409 249 1470 iussi.
280 1426 335 1468 nec
355 1407 384 1468 in
405 1407 507 1468 eodem
523 1407 639 1467 iuturus
655 1405 767 1485 nauigio
783 1404 945 1486 auspicium
960 1404 1032 1466 mibi
1046 1401 1115 1477 feci,
1136 1401 1188 1465 sed

63 1518 84 1567 lu
99 1508 155 1584 quia
168 1513 307 1568 nocentes
328 1506 467 1568 horridos
486 1507 648 1584 longosque
663 1503 810 1565 habebant
823 1504 958 1582 capillos,
973 1521 1011 1565 ne
1025 1503 1138 1564 viderer
1153 1500 1189 1563 de

97 1624 157 1666 nave
175 1625 319 1667 carcerem
339 1606 447 1674 lacere,
467 1602 540 1664 iussi
561 1602 726 1681 squalorem
748 1602 892 1663 damnatis
912 1603 1029 1677 auicrri3
1050 1601 1138 1664 simul
1157 1607 1190 1664 ut

96 1710 171 1764 notae
189 1722 306 1783 quoque
324 1703 484 1765 litterarum
503 1719 565 1762 non
585 1701 773 1763 adumbratae
789 1719 939 1762 comarum
951 1699 1097 1781 praesidio
1112 1707 1191 1763 totae

98 1802 126 1862 ad
141 1803 238 1864 oculos
253 1802 410 1880 legentium
426 1800 598 1863 acciderent
628 1800 704 1861 inter
719 1807 814 1862 cetera
825 1801 902 1880 apud
915 1817 1105 1861 communem
1117 1799 1191 1862 ami-

99 1919 152 1961 cam
166 1906 416 1981 consumpserunt
430 1899 583 1979 pecuniam
599 1917 704 1971 meam,
720 1917 736 1959 a
752 1917 808 1978 qua
820 1897 884 1960 illos
896 1897 1029 1979 proxima
1040 1905 1128 1960 nocte
1138 1917 1190 1960 cx-

63 2011 85 2059 15
98 2002 162 2060 traxi
176 2019 257 2062 mero
271 1998 489 2078 unguentisque
505 1999 649 2078 perfusos.
679 1997 716 2060 ad
732 2015 892 2074 summam,
912 1997 1008 2060 adbuc
1021 1997 1190 2078 patrimonii

97 2099 146 2160 mei
160 2099 294 2180 reliquias
310 2088 402 2159 olent'

623 2194 644 2232 ‘ll'

172 2271 266 2351 itaque
287 2276 320 2331 ut
338 2270 427 2332 tutela
441 2269 523 2330 navis
538 2269 718 2348 expiaretur,
738 2268 846 2350 placuit
860 2269 1061 2350 quadragenas
1075 2269 1191 2350 utrique

99 2366 185 2446 plagas
206 2368 332 2447 imponi.
369 2369 448 2430 nulla
468 2387 539 2447 ergo
562 2368 594 2428 iit
616 2386 709 2429 mora.
747 2369 956 2449 aggrediuntur
978 2386 1035 2430 nos
1060 2367 1191 2431 furentes

100 2473 192 2527 nauus
210 2486 277 2528 cum
300 2467 421 2530 funibus
435 2473 605 2546 tentumque
620 2465 761 2526 vilissimo
777 2465 920 2545 sanguine
933 2466 1053 2528 tutelam
1068 2467 1191 2547 placare.

63 2573 87 2623 tu
102 2572 125 2624 at
137 2584 185 2644 ego
201 2566 320 2646 quidem
335 2574 395 2626 tres
410 2565 511 2644 plagas
526 2565 668 2645 Spartana
682 2564 834 2626 nobilitate
845 2564 977 2626 concoxi.
1001 2571 1130 2626 ceterum
1141 2564 1193 2626 Gi-

100 2670 145 2724 ton
158 2666 244 2727 semcl
257 2667 334 2727 ictus
348 2672 409 2726 tam
424 2665 506 2726 ualde
521 2663 703 2738 exclamavit,
718 2671 751 2725 ut
765 2661 955 2742 Tryphaenae
968 2680 1054 2726 aures
1069 2661 1193 2724 notissi-

101 2781 143 2823 ma
157 2784 222 2826 uoce
240 2763 377 2844 repleret.
406 2780 469 2824 non
488 2762 587 2824 solum
605 2781 677 2840 ergo
696 2760 811 2823 turbata
830 2769 876 2822 est
895 2762 945 2824 sed
964 2807 1054 2824 .....
1074 2759 1193 2823 ancillae

103 2861 177 2924 etiam
193 2882 295 2925 omnes
309 2861 447 2923 familiari
458 2879 535 2923 sono
545 2859 682 2922 inductae
692 2861 730 2922 ad
740 2860 925 2942 vapulantem
936 2860 1105 2924 decurrunt.
1134 2859 1193 2922 ianr

164 3040 176 3084 1
195 3046 252 3087 ante
271 3040 292 3087 is
312 3055 363 3086 uon
381 3037 455 3087 pulla
469 3038 578 3102 periisse
596 3037 710 3087 arbitror
810 3039 891 3087 laesus
910 3039 992 3088 omine
1003 3053 1095 3104 merqo
1108 3043 1118 3087 t
1129 3051 1194 3103 pro·

104 3101 215 3157 hobiliter.
254 3125 337 3174 neque
359 3111 426 3159 enim
450 3127 515 3173 opus
533 3118 590 3158 erat
606 3125 697 3158 wmen
714 3108 812 3159 lemnisci
828 3109 868 3158 itti
885 3109 914 3159 in
931 3118 1086 3160 traaucem
1102 3123 1195 3160 mento·

103 3184 150 3225 ruta
166 3179 252 3230 indere
258 3199 268 3241 ‚-
286 3180 358 3245 quod
375 3182 398 3230 ai
416 3189 501 3230 tamen
518 3179 660 3244 indiderat,
678 3182 729 3230 tole
738 3181 826 3246 smisso
844 3179 937 3232 credor
951 3197 984 3233 eat
1001 3199 1052 3248 pue
1069 3180 1134 3231 lucit
1146 3180 1195 3232 att

103 3248 158 3309 quid
173 3260 219 3301 aaut
234 3252 354 3301 inuidiae
370 3253 399 3302 a'rr
417 3268 499 3302 mom
516 3252 627 3302 hominia
643 3252 769 3302 recideret
785 3251 857 3302 uelut
873 3253 1012 3320 Hesychius.
1038 3252 1105 3302 male
1118 3253 1195 3302 Heius

103 3319 138 3368 ud
151 3323 235 3372 Herios
253 3323 377 3389 copitouit
392 3324 523 3386 liciat-irae,
540 3323 687 3374 metuende
703 3326 818 3374 Theseus
835 3323 934 3385 ediditf
952 3325 1042 3374 Aesim
1055 3321 1195 3374 amatim

103 3392 137 3440 rui
156 3411 205 3444 non
227 3396 349 3445 cesserint
366 3397 450 3462 Hedys
473 3397 558 3445 Helius
582 3397 692 3444 Haemus
716 3397 809 3446 Nessus
828 3397 927 3445 Rhosos
945 3395 1070 3459 Hesperus

103 3463 186 3529 lrogo
203 3465 339 3517 Iocobsiue
428 3472 443 3517 6
462 3469 550 3530 aliquis
567 3469 646 3530 inquit
664 3469 766 3531 capillos
783 3467 839 3516 sinc
855 3468 922 3516 itane
940 3465 1112 3516 llenmionm

102 3535 113 3580 9
130 3537 152 3584 in
169 3539 273 3604 scripsi:
291 3555 342 3588 non
360 3538 429 3591 libn'.
464 3554 511 3588 nec
528 3553 581 3588 mn
599 3538 738 3588 ominosam
750 3537 825 3601 duxi,
843 3539 867 3588 si
878 3536 982 3602 quidem
993 3553 1065 3588 crocu
1077 3537 1154 3587 αἰαω
1165 3535 1195 3588 a‘n

101 3620 133 3654 tue
148 3609 242 3660 ualeret
257 3627 314 3661 una
325 3628 381 3659 cum
400 3611 489 3660 celeria
508 3609 648 3674 musroqio
660 3609 845 3675 interfuturum
933 3609 1007 3673 mibi]
1025 3610 1093 3660 triste
1106 3625 1195 3676 morpo

102 3683 110 3723 1
187 3691 210 3731 et
222 3683 351 3732 Aurasius
442 3685 474 3730 10
492 3684 581 3745 longos
599 3684 763 3745 horridusque
776 3680 948 3732 llernms'onus
1040 3684 1070 3731 11
1090 3689 1149 3748 poet
1163 3683 1196 3732 ri-

101 3752 253 3818 mulolr'qtru'd
263 3771 366 3804 eram
381 3754 407 3803 in
420 3753 444 3802 L
536 3757 568 3801 12
588 3769 637 3801 non
648 3761 692 3817 pt:
704 3749 736 3802 nr]
749 3770 838 3819 mame
851 3753 884 3818 L,
897 3769 928 3804 ne
941 3753 983 3814 L,¹
1001 3770 1049 3803 ont.
1063 3751 1196 3806 Merum

102 3853 143 3887 utu
227 3844 302 3893 imm
314 3846 476 3892 obumbratae
548 3845 581 3890 13
594 3843 735 3892 acciderent
747 3841 886 3892 Hdrwiau:
903 3845 1052 3894 accederent
1063 3842 1125 3894 libri

102 3907 167 3962 immo
186 3925 284 3979 praeter
301 3925 385 3964 catera
512 3917 545 3962 14
562 3925 752 3963 consummemus
770 3913 803 3966 L.
839 3925 1046 3981 &absumpserant
1062 3913 1197 3966 Memmio

103 3996 143 4031 nus
244 3991 277 4036 16
296 3987 434 4037 asteriam
451 3985 479 4035 in
492 3993 534 4050 pt,
552 4002 603 4034 uon
621 3985 650 4034 in
663 3985 687 4033 L
796 3989 826 4034 11
848 3987 944 4050 nutritoe
961 3985 1069 4052 scripsi:
1087 3989 1197 4051 utrinqu

102 4049 161 4104 libri.
193 4057 635 4122 deondmncsstrumfflpAlb,
656 4061 687 4106 16
707 4059 784 4106 aaa
891 4058 1197 4124 blspmenalhcor-

103 4135 186 4176 rectam
202 4130 326 4194 Spartana
343 4130 368 4178 L
457 4131 547 4178 awai
560 4127 657 4193 suerat
673 4144 691 4176 a
703 4129 793 4191 priano
809 4127 839 4178 in
855 4127 881 4178 L
970 4130 1064 4182 Gaison
1082 4127 1109 4178 L

104 4197 131 4242 ²2
148 4201 196 4248 sola
213 4203 333 4252 imm
369 4217 415 4266 qo
427 4209 488 4265 pret
504 4201 549 4250 sed
566 4199 688 4250 menam
705 4199 810 4250 mmai:
826 4203 932 4251 accessit
948 4217 1047 4266 rpntxpne
1058 4201 1159 4264 propffl
1171 4207 1197 4249 et

104 4271 172 4318 aenas
191 4275 368 4324 uociferantem
385 4275 495 4322 imm
586 4273 620 4321 23
638 4271 714 4321 etiam
735 4269 782 4322 TL
799 4288 910 4339 thmta
926 4273 970 4324 la'e
986 4269 1063 4324 aian
1080 4267 1197 4322 ιίιό-Πκι

105 4351 190 4405 quoque
202 4353 236 4410 pt
341 4360 429 4396 ornnes
448 4361 496 4398 aaa.
514 4343 540 4392 L
