3078 4956
601 420 811 472 inionem

560 574 659 634 exciso
674 575 793 636 defossa
807 593 955 637 marmore
969 583 1051 655 petre

275 674 405 753 quinque
418 673 528 752 pedum
542 672 682 734 hbrioeta
696 673 817 746 domus,
833 693 890 754 qne
904 674 1002 736 nobile
1017 693 1127 755 eorpus

276 773 377 850 exigua
391 771 533 850 requievit
546 771 639 831 humo

152 879 230 958 quod
249 879 313 956 quis
329 875 478 952 scripserit
495 890 554 932 narr
574 875 703 951 repperi,
724 876 871 952 scripsisse
885 871 1052 935 Petronium
1063 883 1130 954 post
1143 885 1184 937 tot
1197 873 1259 938 Dn-

151 975 237 1035 nielis
257 983 357 1034 errata
375 989 435 1030 nan
455 970 549 1029 ereda.
579 980 703 1030 munim
722 968 872 1031 benonim
886 975 971 1051 quasi
983 972 1125 1034 madenam
1141 989 1259 1036 coater-

152 1084 254 1134 vatam
280 1091 298 1132 a
319 1067 439 1129 Daniele
464 1071 496 1125 in
518 1066 669 1146 publicum
684 1066 838 1130 Galdastus
857 1070 971 1130 demum
995 1071 1154 1150 proposuit.
1191 1080 1218 1132 et
1236 1073 1260 1134 is

153 1173 268 1252 quidem
286 1173 328 1230 ita
349 1152 584 1227 samartanum
600 1164 693 1243 plana
713 1187 800 1247 respue
819 1185 851 1228 eo
871 1169 996 1228 restam
1014 1167 1096 1247 fieret
1106 1167 1259 1248 perplana.

150 1273 283 1349 primum
302 1269 378 1327 enim
392 1264 543 1326 Petronios
555 1274 709 1343 postquam
724 1264 781 1324 sibi
790 1268 938 1343 persuasit
952 1267 1046 1327 decem
1060 1267 1150 1346 brisso
1164 1269 1196 1328 in
1212 1265 1258 1328 ta-

153 1371 223 1429 taris
233 1376 378 1426 versatas:
394 1360 554 1430 Arbitrum,
570 1359 723 1432 sistantur,
738 1367 976 1440 prammatieum,
993 1363 1160 1443 Afranium,
1178 1361 1260 1426 lndi-

152 1483 233 1537 eum,
259 1461 479 1529 Venustianum,
500 1458 695 1536 Antipenidem
710 1457 927 1534 lisanrensem,
948 1459 1087 1528 Hilarum
1101 1458 1259 1523 Pisauren-

151 1581 221 1636 sem,
235 1559 458 1640 Apollodorum,
470 1557 606 1628 levitam,
622 1559 726 1617 inscita
739 1560 803 1637 fere
817 1569 845 1618 et
853 1564 1010 1620 temeraria
1023 1577 1112 1641 opera
1123 1557 1260 1621 elaboro·

153 1660 205 1723 bat
226 1670 261 1720 ut
279 1661 335 1719 uni
353 1661 453 1736 auique
473 1674 575 1716 eonem
596 1654 724 1734 aliquam
744 1657 922 1717 adtribueret
938 1656 1125 1736 particulam.
1161 1657 1261 1720 deinde

151 1776 223 1820 vero
247 1757 286 1818 ad
304 1758 426 1816 sun'ram
442 1753 554 1816 Arbitri
567 1764 687 1832 praeter
706 1763 800 1814 cetera
819 1757 968 1817 reuocauit
979 1746 1050 1816 ¹baec
1066 1753 1261 1836 horriiooqne

152 1857 295 1919 infestant
309 1872 460 1915 murmure
474 1853 563 1930 tigres
579 1851 682 1931 auibus
696 1870 755 1913 nan
765 1851 895 1914 Petronii
908 1855 957 1915 sed
967 1851 1142 1916 Petrarebae
1156 1871 1260 1916 nomm

153 1957 289 2037 apposuit
303 1950 428 2013 loannes
442 1947 579 2010 llaoisius
596 1948 702 2011 Teutar
716 1953 747 2010 in
761 1950 887 2030 epithetis
900 1951 989 2012 verba
1005 1969 1149 2025 murmur,
1165 1962 1192 2014 et
1206 1971 1259 2034 ap·
1314 1976 1316 1984 ¹

150 2053 285 2133 probans
307 2050 447 2111 iudicium
466 2046 581 2108 Bartbii
604 2047 857 2128 hendecasyllabos
881 2048 948 2110 illos
967 2049 1053 2111 Delos
1079 2049 1135 2111 ianr
1164 2047 1260 2112 stabili

153 2150 281 2210 revincta
302 2157 379 2209 terra
399 2164 453 2224 eqs.
474 2148 521 2224 (in
536 2145 704 2207 Burmanni
723 2145 830 2207 antbal.
852 2145 960 2226 1117).
989 2145 1119 2210 Gaidasti
1136 2150 1261 2230 nesn‘piis

154 2250 299 2307 insecutus
319 2243 508 2305 Burmannus
527 2254 580 2313 est,
601 2253 714 2305 tuntrrm
733 2246 809 2324 quod
827 2263 886 2307 uon
907 2249 1014 2326 recepit
1033 2249 1092 2308 nisi
1105 2243 1218 2309 Arbitri
1236 2255 1262 2309 et

153 2343 280 2406 rlretaris
294 2352 321 2403 et
332 2345 518 2421 praumatiai
529 2344 711 2422 frapmenta:
728 2343 839 2405 addidit
854 2355 949 2406 autem
961 2333 1120 2424 ‘suspectis’
1134 2343 1261 2408 Pistre-

155 2445 200 2503 οἱα
219 2441 277 2502 duo
300 2444 434 2501 carmina
451 2439 537 2500 foeda
557 2448 602 2501 est
621 2441 651 2502 in
667 2440 746 2502 ooitu
760 2447 789 2501 et
803 2440 898 2502 brevis
913 2442 1046 2521 voluptas
1062 2460 1117 2524 sps.
1133 2451 1159 2504 et
1174 2459 1260 2506 oocu-

155 2559 217 2600 sare
233 2547 261 2600 et
277 2556 373 2598 amare
392 2543 526 2618 tempore
546 2555 604 2599 uno
621 2537 678 2619 ipsi
693 2538 740 2600 vix
753 2537 809 2600 luit
823 2539 938 2600 Herculi
955 2539 1104 2601 ferendum
1123 2542 1167 2619 (in
1181 2537 1260 2604 Bur-

154 2641 258 2699 manni
272 2635 379 2697 autbai.
395 2633 444 2694 lll
456 2633 525 2694 220
540 2647 567 2698 et
580 2635 645 2697 221
653 2641 663 2714 )
681 2639 713 2699 de
734 2637 837 2717 quibus
851 2635 968 2698 Binetus
983 2625 1199 2719 ‘sequebantur’
1213 2641 1259 2700 in-

154 2741 213 2816 quit
228 2727 297 2796 ‘ista
316 2734 365 2794 sed
385 2735 445 2793 siue
460 2731 590 2793 Petronii
610 2735 706 2813 nbula,
728 2747 759 2798 at
773 2739 891 2816 priores
910 2734 956 2796 itti
976 2735 1032 2798 duo
1046 2734 1196 2798 Pbalaeaii
1208 2737 1261 2799 oin

155 2834 229 2894 alirrs
242 2835 452 2912 fuerintquam
463 2824 614 2893 Petronii'.
639 2833 757 2912 denique
768 2851 840 2913 quae
852 2831 988 2913 Meperus
999 2835 1074 2896 r'nier
1085 2833 1261 2896 Petroniana

154 2935 366 3011 epiprammata
381 2926 512 2989 delibuit
527 2930 708 3009 anebolapiae
723 2948 792 2991 suae
807 2948 836 2990 u.
853 2928 915 2990 176
931 2939 956 2991 et
971 2930 1030 2990 177
1046 2930 1258 3010 (normannia

154 3047 207 3089 uae
222 3025 272 3087 ΙΙΙ
285 3025 329 3086 25
345 3037 372 3088 et
386 3023 468 3102 197),
485 3046 588 3089 eorum
603 3028 728 3089 alterum
739 3027 887 3090 Lnnorius
901 3030 977 3108 feeit,
995 3029 1119 3092 alterum
1135 3029 1265 3094 Goldatti

154 3125 200 3187 iile
219 3124 372 3186 Petronius
393 3121 535 3203 Afranius
560 3143 620 3185 uon
646 3128 742 3186 minus
767 3129 980 3188 commentitius
1006 3145 1092 3208 quom
1109 3125 1262 3190 Petronius

155 3223 334 3302 Antipenides
346 3231 446 3302 poeta:
467 3222 513 3282 bie
532 3227 607 3284 emm
628 3242 693 3284 eum
712 3241 805 3284 anuos
826 3222 920 3284 desem
934 3243 1043 3286 meuses
1058 3225 1114 3288 dua
1130 3225 1189 3288 diet
1204 3225 1260 3288 duo

155 3333 239 3383 nutus
253 3324 314 3382 vr'ta
330 3319 490 3381 decessisset
503 3328 529 3380 et
543 3319 674 3399 sepulcra
690 3322 751 3381 eius
767 3337 885 3381 carana
904 3323 1029 3383 inrisum
1045 3331 1114 3384 esset
1130 3339 1185 3404 quo
1201 3325 1261 3404 ipre

155 3419 271 3499 laquens
287 3419 446 3488 inducitur,
463 3417 556 3479 aliena
573 3417 673 3479 labore
687 3435 791 3478 norun
802 3427 904 3497 poetae
918 3421 1032 3480 meruit.
