3008 4962
1158 484 1211 526 1111

100 623 163 684 iam
175 635 246 684 aare
258 629 339 684 uetus
349 619 398 683 ille
413 620 543 683 ommium
557 619 688 684 cadimm
702 628 851 698 temptem
864 635 972 698 parem
985 635 1046 682 ma
1060 621 1168 698 iamper
1181 622 1213 679 ia

103 740 231 792 tatu-maa
244 731 437 808 transcriptus
448 728 487 790 ad
496 737 628 790 uestram
640 737 759 790 aetatem
770 729 964 807 perstabat
977 731 1009 788 ia
1023 731 1125 788 varim
1136 745 1212 808 par-

103 849 158 911 tcs,
178 855 302 916 magmas
319 840 459 908 miautas,
477 838 631 917 dispersus.
658 855 760 900 aarum
776 835 920 897 librarum
935 853 1006 915 quas
1021 846 1072 897 met
1085 837 1148 897 aidi
1161 845 1213 896 aut

102 949 176 1011 acui
189 955 290 1012 mauce
305 955 410 1026 septem
426 945 542 1007 ardiues
557 947 703 1008 constitui:

657 1130 670 1190 l

190 1237 227 1298 t:
244 1235 486 1298 cadealeideasis
499 1236 666 1299 chartaceus
678 1241 829 1300 octauaria
838 1241 939 1318 farma
950 1241 1079 1318 sipuatus
1090 1255 1210 1302 uumerc
1224 1245 1249 1298 t,

104 1339 210 1408 61‘ea
231 1346 321 1426 lepata
341 1343 465 1408 illustris
484 1349 545 1407 uiri
557 1344 672 1426 lascpbi
686 1337 842 1426 Scaliperi'
857 1351 907 1428 qui
921 1351 1017 1428 prima
1032 1344 1104 1426 salia
1119 1349 1214 1426 impa-

104 1466 206 1516 suerat
220 1472 325 1516 aameu
341 1473 425 1516 suum
440 1473 582 1516 tossrnvs
598 1473 741 1516 semaam
757 1475 830 1516 avua
847 1474 985 1516 euasurus
1003 1474 1113 1528 rmivs,
1125 1454 1214 1534 plaue

104 1576 130 1626 et
153 1567 222 1626 adea
242 1563 345 1645 pulcre
366 1567 498 1645 scriptus.
528 1563 696 1626 Petrauium
715 1567 863 1643 eacipiuut
884 1563 1057 1626 callectauea
1076 1562 1214 1644 opuscula

104 1677 209 1746 aeria,
235 1673 346 1753 plassac
367 1671 493 1734 Graecae
513 1671 632 1734 datiuae
657 1682 785 1734 circatae
805 1673 948 1733 iuridicae
967 1683 993 1732 et
1014 1675 1215 1751 iuscriptiaaes

104 1780 225 1842 Latiuae
241 1791 266 1841 et
282 1779 388 1842 Aratea
403 1781 441 1842 ad
456 1791 578 1842 veterem
594 1781 718 1842 codicem
735 1779 849 1851 collata,
865 1779 949 1842 mulla
958 1781 1022 1861 fere
1032 1783 1145 1860 papiae
1156 1797 1215 1840 aaa

106 1891 205 1969 aliquo
231 1907 334 1968 peuere
360 1889 523 1950 litterarum
550 1887 775 1950 causaribillata.
809 1888 939 1950 Petraaii
961 1892 1061 1959 iusum
1079 1897 1215 1968 euacrpta

102 2009 224 2079 praeter
256 2017 356 2058 acuam
385 1997 585 2059 Trimalciam's
615 2000 713 2058 amaia
741 2000 886 2077 ipsiusque
919 2015 1003 2058 ceuae
1025 1999 1214 2076 principium,

107 2125 284 2186 quamquam
304 2123 393 2186 reaque
412 2105 465 2167 bac
484 2114 544 2166 tam
563 2105 682 2186 plcaum
702 2125 789 2186 quam
807 2109 838 2166 iu
860 2104 1048 2185 Trapurieusi
1067 2105 1172 2185 lepitur
1191 2115 1215 2165 et

107 2215 187 2276 aliae
197 2214 363 2295 particulae
375 2233 488 2295 paucae
504 2234 538 2276 ac
553 2215 682 2276 medicae
696 2214 779 2280 veltet
784 2233 815 2294 p.
832 2214 882 2287 22,
898 2213 1030 2274 tet—16
1047 2215 1214 2276 desiderau-

107 2335 168 2384 tur.
200 2325 329 2384 trausari
348 2325 383 2383 sit
397 2322 450 2383 illa
465 2321 546 2384 Scali
563 2321 1148 2410 effldtdsbdbmdfflsttfflmQQ
1164 2322 1215 2402 (cs.

107 2433 149 2493 ud
161 2451 190 2511 p.
212 2433 259 2504 14,
278 2432 333 2506 15)
353 2431 555 2517 eademquem
577 2431 750 2520 Taruaesius
770 2431 911 2506 adhibuit,
930 2431 1217 2511 adiutus-praeterea

108 2541 178 2602 aliis
199 2540 282 2600 libais
301 2539 498 2626 cumpluribus
517 2558 646 2620 quacum¹
660 2559 680 2620 p¹
689 2557 816 2623 ‘numer-a
831 2539 1000 2600 Parisiuum
1015 2537 1100 2600 8049
1115 2549 1140 2600 et
1155 2540 1214 2603 edi-

108 2653 216 2710 tiaaem
226 2649 365 2710 Sambuci
378 2659 405 2709 et
419 2647 616 2727 autbalapiam
633 2647 803 2710 Vassieuam
817 2650 997 2742 [uisseputa.
1028 2647 1120 2708 mtdte
1134 2648 1216 2708 aide-

107 2769 163 2819 tur
180 2768 212 2818 ut
230 2776 301 2837 quac
321 2760 352 2816 iu
372 2766 471 2837 aperta
487 2767 578 2818 esseut
591 2759 639 2816 air
653 2759 782 2836 eprepius
797 2775 848 2818 suc
863 2759 977 2836 iapeaia
993 2757 1169 2827 emendasse,
1184 2759 1216 2816 ia

107 2867 242 2928 obscuris
261 2876 357 2927 tamea
377 2876 403 2927 et
422 2868 568 2946 corruptis
589 2875 722 2927 accumbe
737 2869 878 2947 impressit
893 2865 1077 2948 arabetppau.
1108 2868 1217 2946 saepis-

106 2978 181 3036 sime
203 2979 233 3034 iu
248 2977 379 3054 marpiue
399 2974 549 3036 aduataait
563 2976 725 3054 scripturae
741 2975 958 3055 discrepantias.
990 2977 1132 3054 excerptis
1146 2976 1218 3033 sati-

104 3101 216 3145 rarum
231 3083 383 3163 subtuuctc
395 3082 534 3164 reliquias
549 3082 670 3164 eliquat:
684 3085 727 3164 sr.
741 3081 796 3144 XX
807 3082 1078 3162 triplici-orbem,
1093 3083 1134 3162 sc.
1148 3079 1220 3142 XXI

104 3203 134 3255 et
152 3189 272 3252 XVllll
286 3195 458 3256 cauiuuctim

478 3319 552 3364 anus
568 3308 684 3364 recocta
699 3301 766 3362 vino

477 3409 668 3472 trementibus
684 3409 803 3472 labellis.

477 3518 680 3598 Memphitides
696 3518 805 3598 puellae

479 3627 569 3688 sacris
585 3627 671 3689 deum
687 3633 812 3708 paratae.

478 3732 585 3796 tinctus
602 3735 699 3796 calare
713 3737 808 3797 nactis

478 3862 569 3906 matsu
584 3863 656 3924 puur
670 3844 785 3923 loquaci

106 3957 153 4037 sr.
173 3949 273 4014 XXVI
285 3951 420 4016 rursusi
437 3962 463 4014 et
474 3951 509 4026 2,
528 3955 569 4034 sc.
588 3950 671 4013 XXV
684 3952 867 4014 cui-luxus
884 3942 934 4014 ‘eac
950 3950 1094 4032 Fulpcutii
1107 3951 1157 4013 lib.
1174 3945 1219 4024 t‘,

108 4077 175 4127 tum
195 4062 335 4125 Viuaeutii
347 4063 531 4124 Beluaceusis
545 4061 654 4142 speculi
667 4061 825 4124 bistarialis
843 4059 915 4122 XXI
928 4061 972 4122 25
989 4061 1084 4122 lacum
1098 4079 1158 4122 aaa
1172 4064 1218 4121 iu-

109 4187 414 4196 mum-

109 4237 260 4302 haeredipeta
277 4236 452 4303 periscelides,
470 4239 495 4286 si
505 4239 560 4302 quis
573 4238 602 4287 ab
616 4253 672 4286 earu
685 4252 804 4287 caussam
817 4236 965 4288 buiusmadi
976 4236 1132 4288 eallecliaues
1144 4239 1220 4305 aptas

109 4340 150 4376 am
160 4326 248 4375 sabbe's
260 4323 379 4375 Petronii
389 4338 446 4373 esse
456 4323 555 4390 prabet,
567 4325 591 4373 is
603 4338 666 4374 uara
677 4322 741 4373 nibil
749 4324 850 4392 prabet.
