3022 4956
582 419 722 472 sarthan
1145 422 1204 484 129

70 581 88 631 t
104 575 276 650 intellexisti,
295 594 313 634 o
329 574 508 654 Tryphaena.
539 593 607 636 nam
624 575 824 655 imprudentes
840 575 945 637 noxios
960 578 990 637 in
1006 583 1141 638 nostrum
1158 575 1204 636 in-

103 672 203 732 duxere
223 674 386 753 navigium,
408 682 436 735 et
455 673 522 754 quid
538 673 690 745 fecissent,
711 674 926 735 admonuerunt
941 674 1003 754 pari
1019 676 1203 736 somniorum

103 789 252 834 consensu.
285 774 324 833 ita
343 773 422 846 vide,
447 779 481 832 ut
499 772 596 852 possit
616 771 669 830 illis
690 771 816 849 ignosci,
842 792 917 852 qnos
939 773 973 833 ad
995 791 1120 852 poenam
1141 775 1205 852 ipse

102 869 166 930 deus
183 871 314 932 deduxit.
346 872 425 951 quod
446 872 480 932 ad
501 890 548 930 me
568 868 679 942 attinet,
702 889 763 931 non
785 889 851 931 sum
867 871 1008 943 crudelis,
1030 873 1079 932 sed
1096 889 1205 944 vereor,

75 977 135 1026 tna
156 970 234 1047 quod
248 970 409 1042 remisero,
431 960 544 1049 patiar.’
572 974 632 1028 tam
653 968 856 1046 superstitiosa
881 969 1013 1030 oratione
1034 969 1206 1048 Tryphaena

101 1073 203 1130 mutata
215 1077 305 1147 negat
317 1089 348 1130 se
359 1068 544 1147 interpellare
556 1065 742 1146 supplicium,
755 1066 846 1126 immo
859 1067 995 1128 accedere
1007 1068 1092 1128 etiam
1102 1068 1205 1128 iustis-

103 1165 185 1226 simae
200 1167 316 1227 ultioni.
347 1187 402 1228 nec
422 1186 453 1227 se
473 1166 570 1226 minus
591 1163 693 1242 grandi
708 1172 836 1225 vexatam
853 1165 958 1226 iniuria
974 1185 1060 1245 quam
1077 1167 1205 1239 Licham,

103 1264 177 1324 cuius
192 1267 321 1343 pudoris
338 1266 460 1346 dignitas
476 1265 505 1324 in
522 1262 664 1325 concione
679 1262 843 1342 proscripta
860 1263 898 1323 sit

636 1359 657 1396 it

175 1428 250 1509 ζ1111,
267 1443 387 1516 utputo
401 1435 551 1496 hominem
565 1453 625 1495 non
638 1435 781 1512 ignotum,
798 1433 945 1512 elegerunt
957 1436 992 1496 ad
1006 1437 1063 1496 hoc
1075 1436 1204 1497 officium
1217 1439 1275 1500 rot

66 1544 89 1592 tt
106 1531 242 1612 [legatum]
262 1535 481 1614 petieruntque,
505 1539 537 1593 ut
557 1551 589 1592 se
608 1532 824 1612 reconciliarem
841 1532 994 1610 aliquando
1010 1534 1204 1596 amicissimis.

102 1631 153 1690 nisi
171 1633 249 1694 forte
271 1631 379 1712 putatis
400 1632 519 1692 iuvenes
536 1651 605 1693 casu
620 1631 650 1692 in
665 1633 718 1692 has
734 1631 833 1710 plagas
849 1630 1002 1702 incidisse,
1025 1652 1090 1694 cum
1108 1634 1206 1694 omnis

104 1735 193 1788 vector
207 1731 282 1791 nihil
298 1731 380 1810 prius
397 1738 524 1809 quaerat,
542 1749 628 1809 quam
646 1729 729 1790 cuius
744 1748 776 1790 se
792 1728 955 1806 diligentiae
970 1731 1075 1791 credat.
1101 1731 1207 1792 flectite

105 1842 167 1902 ergo
190 1837 308 1890 mentes
329 1827 527 1889 satisfactione
546 1827 662 1902 lenitas,
682 1835 711 1888 et
729 1827 860 1906 patimini
880 1827 988 1888 liberos
1010 1828 1145 1888 homines
1164 1829 1206 1887 ire

105 1920 161 1982 sine
175 1923 297 2004 iniuria,
319 1946 376 2006 quo
399 1928 555 1988 destinant.
586 1927 662 1987 saevi
683 1945 800 2005 quoque
819 1923 1073 2004 implacabilesque
1095 1925 1206 1986 domini

69 2027 92 2076 15
108 2021 299 2084 crudelitatem
316 2044 398 2086 suam
415 2025 588 2104 impediunt,
605 2026 629 2086 si
646 2026 763 2105 quando
780 2024 957 2103 poenitentia
968 2024 1106 2103 fugitivos
1118 2026 1207 2085 redu-

106 2116 153 2191 xit,
178 2130 207 2182 et
229 2123 373 2184 dediticiis
396 2123 530 2184 hostibus
557 2125 717 2204 parcimus.
747 2124 815 2202 quid
843 2123 916 2184 ultra
943 2123 1040 2202 petitis
1066 2131 1117 2184 aut
1137 2123 1207 2203 quid

106 2217 206 2280 vultis?
236 2224 268 2282 in
289 2229 449 2299 conspectu
468 2229 565 2282 vestro
586 2221 732 2301 supplices
754 2221 848 2284 iacent
862 2222 980 2284 iuvenes
996 2221 1207 2299 ingenui,'ho-

107 2318 190 2391 nesti,
213 2329 242 2382 et
263 2319 342 2399 quod
363 2325 487 2399 utroque
499 2319 648 2398 potentius
664 2327 723 2392 est,
743 2319 936 2382 familiaritate
952 2321 1036 2381 vohis
1051 2321 1206 2401 aliquando

108 2416 258 2480 coniuncti.
291 2417 316 2478 si
331 2418 512 2479 mehercules
524 2419 755 2480 intervertissent
765 2419 918 2499 pecuniam
931 2425 1065 2491 vestram,
1082 2420 1108 2479 si
1119 2419 1206 2480 fidem

72 2518 95 2568 tt
109 2512 271 2586 proditione
285 2516 447 2589 laesissent,
464 2516 560 2577 satiari
576 2523 674 2577 tamen
689 2517 860 2596 potuissetis
876 2517 930 2578 hac
945 2535 1049 2595 poena,
1066 2534 1152 2596 quam
1165 2516 1208 2576 vi-

110 2606 184 2672 detis.
215 2614 331 2675 servitia
353 2634 419 2675 ecce
438 2615 468 2674 in
487 2613 635 2675 frontibus
656 2615 773 2676 cernitis
790 2624 818 2675 et
832 2615 927 2676 vultus
943 2615 1087 2692 ingenuos
1103 2614 1208 2674 volun-

110 2709 174 2770 taria
188 2731 352 2790 poenarum
368 2714 430 2790 lege
446 2703 650 2791 proscriptos’
680 2713 872 2791 interpellavit
887 2712 1122 2792 deprecationem
1135 2729 1207 2791 snp-

113 2803 185 2879 plicis
200 2810 307 2872 Lichas
323 2819 352 2872 et
363 2802 452 2872 ‘noli'
468 2811 561 2890 inquit
572 2801 720 2871 ‘caussam
736 2812 925 2886 confundere,
941 2812 991 2872 sed
1009 2811 1130 2891 impone
1146 2811 1207 2871 sin-

111 2903 176 2978 gulis
192 2910 325 2970 modum.
356 2930 390 2971 ac
405 2909 532 2989 primum
551 2909 692 2984 omnium,
708 2909 732 2969 si
744 2910 819 2971 ultro
831 2918 983 2985 venerunt,
1000 2929 1051 2971 cur
1062 2911 1208 2972 nudavere

117 3037 399 3055 Ἢ

176 3092 188 3136 1
209 3107 223 3140 o
243 3104 322 3154 super
340 3089 464 3154 seriphum
482 3087 507 3138 L
616 3093 630 3137 2
650 3100 842 3140 ammonuerunt
860 3090 885 3140 L
1005 3093 1019 3140 3
1038 3092 1115 3155 possit
1138 3089 1208 3140 Tol-

112 3169 194 3208 sauus:
211 3164 290 3226 prosit
308 3161 362 3224 Lpt
380 3161 422 3211 cui
439 3177 490 3210 uon
510 3161 630 3210 consteruit
646 3161 699 3210 uisi
716 3163 845 3224 ignoscere
966 3165 979 3210 6
1000 3164 1050 3211 imo
1069 3160 1094 3211 L

113 3226 221 3283 8nxoris
246 3235 350 3298 dignitas
369 3232 502 3282 Iacohsius
527 3233 595 3282 cuius
621 3231 657 3280 ad
675 3232 783 3282 Lialeam
801 3233 923 3297 efferens.
953 3232 1068 3297 fortasse
1086 3235 1166 3297 pudor
1185 3242 1209 3284 st

113 3297 207 3362 dignitas
280 3305 412 3354 asteriscos
431 3304 610 3353 tresiaseruut
626 3303 693 3356 libri.
730 3321 862 3354 nvuormvs
876 3313 933 3354 aute
946 3307 988 3352 Mc
1001 3306 1034 3366 L,
1053 3304 1081 3352 iu
1092 3305 1208 3368 margine

109 3376 136 3429 Pl
207 3379 221 3425 9
243 3383 347 3439 utputo
366 3375 413 3425 Lt:
433 3383 518 3439 utpote
526 3391 556 3438 p,
577 3374 838 3441 Geelielmusfortasse
850 3391 911 3426 uere
1000 3377 1100 3423 idiotam
1114 3383 1161 3424 aut
1171 3377 1208 3422 in-

113 3439 204 3495 doctnm
216 3446 350 3496 Iacobsius
443 3449 474 3496 10
494 3448 604 3509 legatum
616 3445 653 3494 Lt
668 3445 822 3495 Tolosauus:
842 3463 888 3496 om.
897 3463 927 3510 p.
965 3446 1052 3510 apitur
1068 3462 1138 3494 nuuc
1156 3461 1208 3494 uou

114 3508 141 3559 de
152 3519 284 3580 repentina
296 3517 344 3567 hae
353 3518 475 3582 Eumolpi
487 3518 610 3582 lepatioue
622 3517 758 3568 uerumile
771 3517 895 3567 meditata
908 3525 931 3565 et
938 3523 1104 3580 praeparata
1116 3516 1208 3565 Encol-

110 3583 147 3642 Pt't'
159 3586 305 3654 Gitonisque
318 3607 375 3639 cam
387 3589 513 3653 Eumolpo
525 3588 659 3638 insinuem
672 3590 856 3641 eouscemioue.
881 3588 991 3653 glossam
998 3595 1064 3651 puto
1082 3595 1165 3637 ortam
1178 3603 1209 3636 ea

111 3667 135 3713 P·
149 3660 202 3727 130,
215 3665 229 3711 2
306 3665 335 3710 11
357 3660 504 3710 asteriscum
521 3668 580 3709 aute
593 3663 639 3710 nisi
651 3661 802 3726 imterposuit
813 3659 985 3710 Bourdelotus
1059 3662 1089 3707 12
1109 3675 1209 3723 prorsus

115 3722 275 3782 Memmiauus
367 3736 397 3781 13
411 3734 523 3797 patimini
535 3739 565 3781 ut
576 3733 601 3780 ni
614 3748 692 3797 super
704 3748 783 3782 uersu
795 3731 918 3796 scriptum
929 3730 962 3780 sit
973 3725 998 3780 L
1090 3733 1122 3779 14
1134 3731 1209 3780 immo

115 3795 258 3854 destinarunt
385 3807 415 3853 16
436 3805 549 3852 dedititiis
567 3803 627 3852 libri
750 3808 783 3854 19
804 3805 909 3868 pecunia
927 3802 1118 3866 manuscriptae
1135 3818 1210 3851 mem-

116 3863 202 3924 branae
221 3876 329 3924 Douzae
348 3875 393 3938 qui
416 3875 557 3924 mehercule
581 3891 626 3924 uos
650 3877 848 3925 interuorti'ssent
865 3875 984 3940 pecunia,
1003 3883 1112 3923 uestram
1131 3876 1150 3922 si
1169 3889 1210 3923 su-

116 3940 255 4000 spicabatur
363 3961 389 3996 se
407 3945 578 3995 Memmiauus
686 3950 718 3994 tr
740 3949 831 3996 seruitii
849 3947 939 3995 indicia
956 3946 1133 4008 Bur-suauitas,
1153 3947 1211 4008 stig·

116 4023 175 4064 mata
191 4017 364 4078 Munckemes;
388 4019 485 4067 seruilis
504 4033 562 4067 ecco
581 4019 614 4078 in·
626 4019 746 4067 frontibus
766 4021 882 4082 stigmata
901 4017 1042 4069 Iaeohsius.
1079 4032 1123 4082 epo
1141 4016 1212 4066 Bur-

117 4094 201 4160 pauno
219 4090 344 4139 assentior
362 4091 465 4153 uestigia
485 4097 568 4138 taenea
586 4087 742 4155 praeferens
886 4092 919 4139 12
938 4105 1075 4152 poenarum
1094 4087 1213 4137 omissum

117 4167 142 4200 ‘³⁷2
157 4157 186 4223 L,
205 4161 324 4210 additum
341 4161 371 4210 ia
387 4160 504 4226 mospius
522 4159 547 4210 L
690 4161 893 4226 deprcgationem
904 4161 1006 4227 suerat
1017 4160 1046 4209 iu
1064 4158 1089 4208 L

118 4233 221 4292 supplicis
239 4249 285 4285 orn.
307 4241 323 4297 t,
342 4249 394 4283 mou
417 4231 441 4281 T
545 4231 667 4281 14111,

164 4314 259 4360 Petronii
271 4317 351 4360 satirae
998 4316 1014 4367 9
