3078 4956
577 443 719 495 sarram
1139 447 1197 510 181

67 601 98 652 lo
111 596 221 658 sationis
242 616 322 658 meae
342 597 414 658 baec
434 604 492 658 est:
516 598 633 677 placebo
654 599 714 672 tibi,
730 599 754 659 si
769 617 817 659 me
833 599 947 677 oadpam
963 600 1118 663 emendare
1132 620 1201 681 per-

109 687 225 754 miseris'

635 795 654 838 a

79 872 94 922 l
157 859 168 946 ll
183 863 299 924 dimissa
316 883 383 925 curn
399 863 543 927 eiusmodi
555 864 762 942 pollicitatione
774 864 912 944 Chryside
925 864 1023 925 curari
1036 864 1200 945 diligentius

108 960 337 1022 noxiosissimum
355 981 473 1042 corpus,
489 961 648 1043 balneoque
663 962 818 1042 praeterito
836 961 951 1024 modica
968 962 1105 1024 unctione
1118 983 1198 1037 usus,

83 1073 94 1119 5
108 1079 169 1120 nox
183 1060 251 1122 cibis
266 1058 455 1120 validioribus
471 1069 583 1138 pastus,
600 1059 628 1121 id
644 1068 689 1121 ast
703 1060 798 1120 bulbis
811 1059 1053 1140 cochlearumque
1064 1061 1127 1122 sine
1139 1061 1200 1122 iure

108 1157 263 1231 cervicibus,
279 1157 363 1218 hausi
378 1156 493 1236 parcius
510 1176 633 1218 merum.
663 1143 731 1218 binc
746 1164 812 1220 ante
823 1175 962 1219 somnum
975 1159 1122 1220 levissima
1134 1179 1200 1220 anr-

106 1255 239 1317 badatione
255 1255 439 1334 compositus
455 1255 519 1316 sine
530 1255 635 1316 Gitone
651 1255 815 1316 cubiculum
831 1256 942 1317 intravi.
965 1265 1043 1318 tanta
1060 1266 1122 1318 erat
1136 1258 1199 1336 pla-

108 1355 181 1414 candi
201 1373 276 1428 nura,
297 1354 482 1415 ut'timerem
503 1371 540 1414 ne
559 1353 633 1414 latus
649 1373 746 1414 meum
762 1355 851 1415 frater
866 1353 1047 1417 convelleret.
1078 1364 1197 1435 postero
1210 1355 1266 1418 131

107 1452 156 1526 die,
170 1471 231 1513 oum
245 1451 308 1512 sine
321 1451 431 1512 offensa
444 1451 578 1529 corporis
591 1451 736 1531 animique
748 1452 1010 1526 consurrexissem,
1028 1453 1056 1514 in
1073 1455 1197 1516 eundern

71 1563 94 1612 lo
108 1549 252 1627 platanona
272 1550 423 1622 descendi,
445 1549 559 1611 etiamsi
579 1548 676 1609 locum
692 1549 905 1629 inauspicatum
923 1551 1075 1622 timebam,
1097 1551 1198 1630 coepi·

106 1667 154 1728 que
168 1649 238 1710 inter
252 1647 373 1709 arbores
390 1649 493 1708 ducem
509 1647 620 1708 itineris
636 1655 787 1725 expectare
798 1648 977 1727 Chrysidem.
1002 1667 1056 1708 neo
1068 1649 1117 1710 diu
1129 1669 1199 1728 spa-

106 1747 182 1808 tiatus
197 1747 399 1818 consederam,
420 1746 470 1807 ubi
485 1746 623 1806 hesterno
640 1744 686 1804 die
700 1744 822 1818 fueram,
835 1764 900 1806 cum
917 1745 962 1807 illa
978 1745 1132 1808 intervenit
1147 1766 1198 1807 co-

106 1844 194 1906 mitem
213 1844 356 1906 aniculam
377 1844 505 1904 trahens.
536 1848 623 1921 atque
643 1851 675 1904 ut
690 1862 736 1904 me
752 1843 954 1914 consalutauit,
974 1833 1062 1923 ‘quid
1078 1836 1136 1905 est³
1152 1845 1198 1905 in·

107 1943 161 2019 quit
169 1937 300 2015 ‘fastose
316 1941 420 2020 eoquid
435 1941 542 2001 bonam
559 1947 687 2001 mentem
703 1942 809 2002 habere
824 1931 982 2020 coepistil'

71 2045 94 2093 15
179 2041 222 2102 illa
237 2042 273 2102 de
288 2040 356 2100 sinu
369 2038 466 2100 licium
482 2038 604 2117 protulit
619 2040 686 2099 varii
699 2041 805 2101 coloris
818 2040 872 2100 tilis
885 2039 1027 2101 intortum
1041 2038 1197 2099 cervicem-

108 2156 154 2215 que
175 2137 264 2198 vinxit
286 2156 391 2199 meam.
421 2155 491 2197 mox
511 2136 660 2198 turbatum
682 2145 769 2217 sputo
791 2137 939 2216 pulverem
961 2136 1058 2197 medio
1080 2137 1199 2198 sustulit

107 2234 182 2314 digito
196 2237 384 2315 frontemque
398 2234 587 2315 repugnantis
603 2233 727 2314 signavit

179 2420 233 2480 hoc
248 2426 367 2500 peracto
384 2419 512 2479 carmine
525 2426 569 2479 ter
584 2437 632 2480 me
648 2418 734 2481 iussit
748 2437 873 2499 expuere
884 2425 986 2498 terque
996 2418 1110 2498 lapillos
1124 2437 1198 2479 con-

107 2513 171 2576 icere
188 2517 216 2577 in
231 2517 345 2590 sinum,
366 2535 440 2597 quos
459 2515 524 2595 ipsa
539 2523 741 2595 praecantatos
757 2535 885 2598 purpura
901 2515 1074 2588 involverat,
1094 2514 1196 2575 aduro-

69 2622 93 2671 lo
108 2612 190 2692 lisque
209 2614 345 2677 manibus
368 2621 481 2676 tentare
501 2614 599 2695 coepit
619 2615 773 2694 inguinum
793 2615 877 2677 vires.
912 2613 989 2675 dioto
1011 2612 1095 2674 citius
1115 2612 1197 2672 nervi

106 2722 250 2788 pamernnt
267 2712 394 2793 imperio
414 2731 578 2792 manusque
603 2714 733 2775 aniculae
759 2713 868 2792 ingenti
893 2717 977 2772 motu
1002 2710 1196 2791 repleverunt.

168 2935 178 2980 1
197 2935 259 2984 boec
283 2947 362 2996 cuper
384 2947 464 2983 uerau
485 2933 609 2996 aonpmm
628 2933 652 2982 L
795 2932 913 2982 dimiseris
935 2937 1025 2980 natum
1045 2945 1078 2982 erc
1098 2931 1198 2980 dimissa

107 3001 174 3050 ΑΕΚ
238 3008 253 3053 2
274 3013 325 3054 trec
337 3004 469 3054 mtermcoo
481 3003 514 3066 L,
533 3021 612 3054 unum
620 3012 653 3068 pt
663 3005 788 3058 irtaco-cml.
815 3004 870 3052 uelo
883 3001 916 3051 de
928 3001 1039 3052 Mewii
1050 3001 1199 3052 coniectura

108 3070 231 3124 Goldcatoa
249 3074 357 3125 addidit
372 3074 472 3124 aadhcto
489 3076 561 3140 σίφιο
578 3076 696 3129 lemme.
725 3076 772 3126 aed
789 3083 817 3124 ut
835 3073 978 3124 ahsolutum
994 3072 1029 3122 ait
1045 3071 1197 3138 epistolium,
1279 3095 1291 3132 ;

107 3140 163 3192 deest
174 3146 366 3209 pollicitationis
377 3147 500 3196 maneria
601 3148 858 3210 oportueibulbist
957 3147 971 3194 6
991 3145 1120 3194 struicibus
1132 3145 1198 3208 Isip·

105 3213 149 3263 aina
231 3219 380 3268 lenissimat
462 3217 633 3268 lebitoneL
713 3217 804 3268 {licaeo
816 3217 845 3267 in
856 3215 961 3266 menica
973 3222 1061 3266 coacto
1072 3214 1105 3266 ab
1117 3216 1197 3280 epito-

105 3294 186 3336 matorc
274 3292 289 3339 9
309 3289 335 3336 in
346 3289 412 3337 idom
425 3286 468 3352 Lp
481 3305 538 3337 cum
549 3289 712 3341 Memmiana
736 3291 792 3338 inde
805 3291 830 3336 in
842 3287 1054 3352 Iachmnannua
1128 3287 1159 3334 10
1173 3293 1198 3334 et

104 3357 119 3404 si
130 3357 151 3406 L
231 3363 263 3408 12
278 3375 355 3423 quum
367 3359 392 3408 L
475 3361 592 3409 comitem
604 3361 755 3410 Proselenon
769 3361 893 3408 aniculam
903 3366 920 3410 t.
939 3355 1007 3422 ‘is-P·
1017 3357 1075 3416 183,
1085 3357 1125 3404 16.
1143 3355 1196 3403 sni-

104 3429 172 3478 culam
184 3447 229 3480 om.
239 3431 410 3481 Messeniaque
505 3435 537 3479 14
549 3440 641 3480 astrooe
653 3430 812 3480 munemne
921 3429 952 3476 15
972 3423 1074 3489 alqoid
1086 3424 1197 3488 periisse

99 3501 229 3560 perntodat
245 3501 398 3567 asyndeton.
417 3501 505 3551 achan
522 3503 620 3551 interim
638 3503 736 3551 anioala
753 3499 820 3550 addi
837 3497 944 3550 debebat
1084 3497 1116 3544 16
1136 3511 1197 3545 mox

102 3584 156 3634 purg
171 3576 297 3623 turbatum
315 3574 340 3624 L
414 3577 445 3622 17
466 3575 546 3638 signat
563 3573 625 3622 inde
643 3572 676 3624 ab
693 3571 864 3622 Hadrianide
877 3573 1055 3635 [nopaqulum
1123 3565 1197 3617 nuda

102 3673 186 3726 lacuna
201 3679 230 3728 in
242 3677 325 3730 libris.
349 3677 512 3742 iay'oraerrmt
521 3678 681 3743 wamma
691 3677 834 3743 Priopeune
845 3675 1005 3742 ontholoqioe
1018 3677 1198 3728 Buonmnnio·

101 3761 143 3796 noe
159 3748 199 3798 VI
206 3754 250 3813 81,
264 3753 281 3800 9
295 3757 325 3816 et¹
337 3752 370 3799 10
383 3748 567 3815 (Meyer-ionae
587 3751 668 3812 1694,
688 3751 704 3798 9
723 3757 749 3799 et
761 3751 820 3815 10):
838 3750 907 3798 Ilum
925 3749 995 3810 uiuis,
1013 3765 1113 3814 sperare
1131 3751 1196 3801 licet.

102 3823 130 3878 tu,
145 3823 230 3872 rustice
248 3829 345 3881 eustos,
364 3823 420 3870 linc
437 3823 497 3869 sdes
515 3821 648 3880 ethernio,
666 3829 734 3870 tante
752 3822 855 3885 Priape,
874 3819 939 3872 seue.
976 3819 1045 3884 quod
1057 3829 1198 3887 posquam

101 3885 205 3958 scalper
221 3909 275 3942 non
293 3891 424 3942 dubitauit
436 3884 513 3956 ‘quin
530 3905 563 3940 ear
579 3891 693 3956 satyrico
704 3891 843 3957 Meaeippeo
861 3889 977 3941 Peleonii
992 3901 1124 3958 acceptam
1134 3891 1197 3958 sue

101 3960 140 4008 rit:
156 3981 215 4013 nam
232 3964 290 4014 alia
307 3963 344 4012 od
361 3963 439 4012 huam
457 3962 648 4027 §meditandum
665 3979 729 4027 epm
745 3970 813 4026 aum,
832 3977 899 4027 quae
916 3970 946 4012 ut
961 3963 1101 4014 minute
1115 3971 1152 4014 est
1168 3963 1197 4013 in

97 4046 169 4092 proco
189 4051 239 4086 cuo
264 4035 393 4085 traam
408 4029 568 4094 Petronius,
592 4033 621 4082 in
639 4032 826 4085 Penonionum
848 4032 896 4083 hoo
917 4041 996 4098 caput
1013 4043 1074 4100 poet
1090 4035 1197 4084 exciam

97 4117 121 4162 p.
135 4108 189 4169 182,
201 4110 216 4156 1
237 4105 377 4156 Goumara
394 4105 533 4167 tremata,
546 4103 574 4153 in
586 4103 654 4154 imno
664 4105 747 4156 boum
758 4103 892 4157 Bonum.
913 4105 1100 4171 longiusculum
1110 4105 1198 4170 suisne

101 4173 307 4227 incommonitum
323 4193 356 4228 ec
373 4187 475 4242 peracto
492 4176 657 4240 oomequitur
768 4179 797 4228 16
816 4177 939 4228 conticere
951 4175 1012 4228 libri
1107 4178 1139 4224 at
1158 4183 1197 4223 tar·

100 4259 159 4297 more
179 4247 318 4299 (latudine
424 4249 567 4312 repulerunt
583 4245 694 4298 Iahnius
