3078 4956
562 431 706 485 Sam!
1123 435 1186 498 tub

17 531 19 610 l

68 596 83 647 l
168 625 173 630 ·
618 601 641 638 ἱ

17 649 18 670 ¹
171 675 338 738 erumnae
351 676 492 754 peronae
505 676 611 754 opus
623 674 702 736 ama
712 674 815 736 oenoe
825 675 999 754 mauu
1007 675 1187 738 mmmm

623 787 644 828 e

172 860 291 939 Gorgias
306 867 427 938 paratus
441 867 503 919 erat
516 860 635 938 exsequi

448 1011 454 1024 ,
623 972 645 1012 e

168 1035 215 1104 ‘de
233 1043 376 1105 stomachi
389 1043 433 1102 tui
447 1042 631 1103 recusatione
644 1059 706 1101 non
719 1041 814 1103 babeo
829 1045 909 1124 quod
922 1046 1052 1106 timum.
1081 1060 1187 1121 seque-

17 1125 18 1164 ³
97 1151 139 1202 tur
152 1143 313 1221 imperium,
330 1141 356 1202 si
371 1141 545 1219 promiseris
558 1142 600 1202 illi
614 1159 670 1220 pro
683 1140 774 1200 unius
788 1141 880 1203 borae
892 1142 1010 1204 lasbdio
1025 1140 1188 1202 multorum

73 1255 84 1301 5
98 1240 232 1302 bonorum
246 1241 459 1320 pensationem.
482 1239 564 1318 operi
578 1239 669 1300 morlo
685 1240 795 1312 oculos,
810 1247 839 1301 et
854 1241 931 1320 linge
944 1249 974 1302 lc
987 1259 1049 1301 non
1060 1240 1189 1301 bumana

99 1340 209 1413 viscera,
226 1341 279 1400 sed
299 1340 409 1400 centies
424 1338 592 1399 sestertium
608 1356 750 1398 comesse.
779 1339 896 1400 accedet
910 1340 983 1414 buc,
999 1339 1079 1420 quod
1093 1336 1189 1418 aliqua

98 1438 265 1500 inveniemus
284 1437 491 1510 blandimenta,
511 1437 618 1516 quibus
638 1455 775 1515 saporem
796 1444 955 1498 mutemus.
993 1456 1087 1518 neque
1109 1438 1188 1500 enim

98 1537 147 1597 ula
164 1557 226 1598 caro
247 1556 301 1616 per
319 1556 352 1597 se
366 1537 475 1616 placet,
491 1535 543 1596 sed
558 1542 621 1594 arte
635 1536 761 1615 quadam
775 1537 976 1615 corrumpitur
989 1543 1018 1596 et
1032 1536 1188 1598 stomacho

99 1635 253 1697 conciliatur
267 1653 380 1696 averso.
409 1634 488 1714 qnod
504 1633 529 1693 si
544 1633 684 1713 exemplis
700 1651 818 1712 quoque
829 1634 872 1695 ris
887 1634 1008 1714 probari
1022 1635 1187 1706 consilium,

58 1744 86 1820 ¹to
101 1731 238 1810 Saguntini
260 1735 398 1814 oppressi
412 1733 448 1794 ab
463 1731 623 1792 Hannibale
637 1733 781 1792 humanas
797 1733 883 1794 edere
898 1752 1014 1806 carnes,
1035 1751 1089 1794 nec
1103 1733 1189 1794 berc·

100 1830 204 1892 (litatem
228 1833 427 1912 expectabant.
461 1829 580 1892 Petelini
601 1829 678 1890 idem
698 1829 830 1891 fecerunt
848 1830 878 1892 in
896 1831 998 1893 ultima
1018 1832 1109 1905 lame,
1135 1849 1189 1894 nec

101 1929 240 2009 quicquam
261 1929 338 1992 aliud
358 1931 388 1991 in
408 1931 464 1991 hac
478 1927 643 2009 epulatione
658 1925 825 2006 captabant,
839 1927 897 1990 nisi
912 1937 1025 1991 tantum
1042 1948 1079 1991 ne
1094 1929 1189 1992 esuri-

101 2035 163 2088 rent.
190 2047 255 2090 cum
275 2035 355 2089 esset
368 2028 524 2089 Numantia
544 2047 559 2088 a
575 2025 712 2105 Scipione
732 2032 831 2104 capta,
849 2028 982 2089 inventae
996 2035 1066 2090 sunt
1081 2035 1189 2090 matres

102 2144 162 2203 qliae
176 2126 334 2188 liberorum
351 2144 473 2188 suorum
489 2132 620 2187 tenerent
636 2143 750 2185 semesa
766 2125 797 2185 in
812 2124 880 2187 sinu
896 2117 1033 2206 corpora’

627 2364 647 2406 it

103 2488 112 2492 -
125 2489 356 2500 ——-—.-.--....—.---.¹
373 2493 386 2499 -

163 2545 312 2608 lpecuniae
331 2560 377 2595 orn.
392 2558 414 2606 p
522 2543 601 2591 sumes
623 2539 745 2591 Bosobiuc
857 2543 1011 2592 miserorum.
1050 2565 1064 2593 e
1085 2544 1191 2610 Gorgiae

100 2611 120 2660 L
136 2613 177 2663 aed
193 2623 222 2664 ut
239 2613 360 2664 inductur
377 2619 470 2678 postca
488 2613 625 2662 asteriacus
643 2613 682 2664 ait.
719 2613 825 2676 Gorgias
843 2613 905 2663 uoui
922 2629 1012 2665 ueratro
1030 2615 1132 2666 initium
1144 2615 1191 2680 fe-

100 2684 169 2734 citio
181 2694 213 2748 pt
354 2689 368 2734 2
388 2683 537 2734 arteriarum
555 2691 579 2733 et
596 2683 715 2746 Meropa
732 2683 761 2733 iu
778 2700 862 2734 uacuo
879 2699 958 2735 uereu
976 2685 1040 2737 duos
1058 2687 1191 2736 ooteriaooe

101 2754 121 2802 L
136 2757 249 2820 iuuetur,
267 2773 348 2808 uuum
360 2765 393 2822 pt
536 2758 550 2804 3
570 2755 713 2820 Eumopua
730 2753 767 2804 ool
784 2754 970 2820 heredipaetum,
991 2757 1107 2823 fortuito
1126 2757 1192 2810 Gor-

99 2825 159 2887 piom
274 2838 416 2892 sequeretur
433 2824 616 2876 Hadriauidee
742 2826 956 2892 beorriqeuolum
975 2831 1071 2880 accedit

102 2899 114 2942 8
131 2901 252 2963 corrigitur
270 2900 314 2950 uir
332 2899 419 2950 clocula
437 2897 466 2946 in
484 2896 549 2948 libro
561 2897 635 2948 Iunii
743 2900 757 2946 9
778 2913 876 2962 quoque
894 2900 932 2949 uis
950 2899 1057 2964 ocripoi:
1077 2901 1112 2952 uia
1131 2915 1193 2966 quo-

101 2983 141 3029 que
158 2969 214 3020 libri
328 2973 359 3021 10
378 2971 470 3019 obsessi
489 2966 675 3019 Bitteraliuaius
793 2972 824 3018 11
843 2970 946 3020 Petelini
964 2973 1007 3022 uel
1024 2973 1120 3023 Paulini
1140 2972 1193 3024 Pu·

102 3045 187 3103 teouue,
206 3042 311 3105 Dwniel,
329 3042 464 3092 Pitbocru:
487 3041 583 3091 Peteuii
601 3041 638 3090 Lt
654 3047 678 3090 ct
691 3040 840 3104 praeposito
858 3041 978 3092 uetumeoo
992 3060 1013 3108 p
1033 3060 1090 3094 oum
1108 3053 1193 3094 uetere

102 3109 201 3177 Pitloei,
228 3115 329 3164 Peteusi
357 3112 503 3163 Toloauraue.
540 3113 634 3162 Perusii
656 3127 745 3176 murpo
768 3110 793 3160 L
818 3110 888 3177 quod
911 3112 1044 3165 inuentum
1066 3113 1193 3180 Scnliperi

102 3184 228 3246 conplures
240 3183 397 3251 probarunt,
415 3183 501 3233 uellere
519 3183 548 3232 ire
565 3184 677 3233 Perusini
697 3183 809 3232 correrii
930 3188 960 3234 l‘l
980 3188 1126 3251 captabatur
1148 3185 1193 3235 Το-

102 3250 192 3307 loouuue
301 3259 333 3306 14
352 3255 530 3306 asteriscorum
547 3255 637 3304 seriem
654 3253 782 3305 cubic-iurat
799 3253 859 3306 libri
