3078 4956
789 455 945 507 turnonii

828 609 902 671 Xll*

394 725 562 805 Fulpeutius
579 729 611 786 in
631 727 807 804 expositione
822 743 989 786 sermonum
1004 729 1191 806 onti'quorum
1209 745 1240 806 p.
1255 724 1321 786 567
1327 747 1338 788 :
1359 747 1426 789 ma-

310 824 413 886 nubies
435 825 570 885 dicuntur
591 829 763 885 ornamenta
783 841 892 900 regum.
919 825 998 884 unde
1021 831 1049 884 et
1070 825 1225 886 Petronius
1246 826 1368 888 Arbiter
1388 825 1429 886 ait

307 914 370 984 ‘tot
383 941 486 1001 regum
502 923 656 983 manubies
673 939 764 1002 penes
778 920 933 999 fugitiuum
949 915 1095 1001 repertae'

381 1078 509 1126 manubies
528 1077 663 1143 utrobique
680 1077 834 1128 Basilieusis
854 1077 1071 1143 Guelferbytanus
1089 1082 1106 1128 2
1121 1079 1321 1144 Bomparsianus
1341 1079 1427 1129 ara-

308 1148 405 1200 latinus
424 1149 524 1200 collatio
548 1149 681 1199 Vulcamii:
700 1151 832 1200 manubiae
850 1150 950 1214 reliqui.
986 1150 1058 1199 illam
1068 1150 1184 1216 sormam
1202 1158 1329 1201 nauatam
1348 1151 1428 1200 cuceio

310 1237 328 1268 a
342 1219 476 1285 Fulpcntio
560 1223 691 1284 fugitiuum
705 1223 843 1270 restiterant
856 1221 933 1270 editio
942 1221 1074 1287 princeps,
1099 1215 1139 1272 ‘in
1151 1230 1200 1272 uet.
1214 1221 1269 1272 coel.
1284 1230 1322 1272 tot
1335 1239 1427 1287 regunt

309 1293 437 1340 munuuies
456 1307 532 1355 penes
552 1294 682 1355 fugitiuum
700 1291 745 1341 sed
764 1291 846 1342 altera
863 1309 944 1341 manu
957 1301 1046 1356 postea
1063 1304 1174 1358 repertae
1194 1293 1362 1344 emendatum
1382 1303 1426 1346 est.

309 1362 338 1412 in
357 1362 436 1412 altero
454 1379 480 1414 u.
499 1362 553 1416 cooi.
573 1363 648 1414 ctiam
668 1363 761 1429 lepitur
779 1359 916 1414 manubies’
938 1363 1037 1414 Daniel

820 1549 909 1612 Xlil*

395 1668 562 1748 Fulpentius
580 1673 612 1730 in
632 1673 808 1750 repositione
828 1688 996 1732 sermonum
1016 1673 1202 1750 onto'quorum
1217 1690 1248 1750 p.
1265 1668 1332 1731 567
1340 1689 1349 1732 :
1372 1691 1425 1732 au-

272 1759 275 1764 ’
310 1769 432 1828 matium
450 1767 556 1828 dicitur
570 1768 652 1828 iocns
669 1776 798 1828 secretus
811 1768 952 1847 publicus,
968 1769 1043 1829 sicut
1055 1772 1084 1828 in
1097 1768 1216 1829 theatris
1228 1775 1279 1828 aut
1289 1769 1322 1829 in
1334 1770 1425 1830 circo.

311 1865 429 1928 undeet
443 1865 600 1926 Petronius
616 1867 729 1928 Arbiter
745 1867 784 1926 ait
795 1858 841 1926 ‘in
858 1867 1015 1927 aumatium
1033 1876 1140 1933 memet
1154 1869 1252 1948 ipsum
1269 1859 1400 1932 aauieei'

380 2022 408 2072 in
427 2024 563 2071 aumatium
582 2024 742 2074 curmontium
760 2023 819 2072 libri
837 2022 883 2088 (cf.
899 2025 947 2072 Du
961 2022 1052 2088 (lampii
1067 2025 1221 2089 plumarium
1232 2023 1336 2072 mediae
1350 2031 1375 2074 et
1386 2025 1426 2073 in-

302 2092 384 2157 fimae
402 2093 539 2142 latinitatis
558 2104 661 2143 aetenum
680 2095 712 2142 al
724 2094 890 2160 Hersscleelio)
908 2089 1085 2158 ‘quamquam‘
1101 2103 1131 2144 ut
1142 2095 1180 2144 ait
1191 2095 1293 2157 Daniel
1306 2087 1354 2144 ‘in
1372 2112 1426 2144 uno

309 2180 335 2216 u.
355 2164 409 2216 coel.
429 2166 603 2226 neonuscripto
623 2167 722 2231 leantur
740 2168 764 2213 in
785 2169 954 2214 nantiniatiunr:
973 2183 1009 2215 an
1027 2157 1185 2236 ναυμᾶχιονῗ
1204 2167 1233 2216 in
1251 2166 1334 2216 altero
1355 2184 1425 2216 atna-

309 2237 388 2284 cium:
399 2235 470 2299 forte
489 2230 638 2302 unanimou'.
676 2238 814 2285 aumatium
834 2237 911 2286 editio
930 2254 953 2286 a.
975 2241 1052 2300 1549,
1072 2239 1205 2287 armarium
1224 2237 1331 2301 Iunius,
1353 2249 1425 2287 auto-

309 2309 411 2356 matium
434 2305 567 2356 Turnebus
657 2311 713 2357 lacit
727 2315 822 2368 secretu
837 2312 935 2372 publicu
950 2309 1094 2358 Palatinus.
1123 2317 1230 2359 secretus
1243 2317 1426 2372 compunctum

308 2378 337 2427 iu
354 2377 496 2428 Basiliensi
629 2381 686 2428 inde
705 2381 841 2428 aumatium
862 2378 1078 2445 Guelferbytanus
1096 2383 1112 2429 2
1252 2397 1321 2430 mam
1341 2383 1425 2446 ipsum

309 2448 463 2500 Basiliensu's
571 2449 602 2515 cf.
618 2466 647 2514 p.
664 2454 704 2514 11,
726 2454 757 2500 14
776 2453 801 2500 in
821 2454 927 2501 eundem
945 2454 1028 2500 locum
1046 2469 1085 2502 me
1105 2452 1200 2501 conieci

824 2637 903 2698 XllIl

395 2749 527 2813 lsirlorus
543 2755 690 2830 oripnmm
709 2749 799 2823 Vre,
817 2753 850 2813 7.·
872 2753 958 2814 dolus
978 2760 1024 2813 est
1046 2755 1152 2814 mentis
1174 2753 1313 2816 calliditas
1335 2755 1422 2816 abeo

311 2851 389 2929 quod
406 2850 535 2910 deludat:
551 2850 626 2910 aliud
642 2849 720 2909 enim
737 2851 807 2928 agit,
826 2851 900 2911 aliud
925 2851 1050 2912 simulat.
1085 2852 1241 2913 Petronius
1265 2853 1350 2914 aliter
1372 2874 1424 2914 ex-

311 2949 421 3009 istimat
436 2948 535 3008 dicens
548 2939 628 3026 ‘qnid
645 2953 698 3020 est,
713 2947 832 3022 iudices,
848 2946 956 3010 dolus?
971 2948 1109 3009 nimirum
1125 2951 1176 3011 ubi
1189 2951 1297 3031 aliquid
1309 2953 1422 3014 facturn

311 3047 449 3126 estquod
465 3047 521 3124 legi
536 3047 622 3107 dolet.
653 3045 764 3107 habetis
781 3047 896 3107 dolum:
913 3047 1127 3147 accipitesnunc
1143 3040 1263 3109 malum'

382 3203 445 3252 satis
462 3202 565 3252 urbana
583 3201 645 3252 leaeo
664 3202 717 3251 doli
734 3203 798 3252 mali
815 3203 937 3268 definitio,
956 3221 1009 3270 qua
1027 3203 1170 3269 Encolpius
1188 3207 1279 3270 opinor
1298 3224 1325 3256 os
1344 3209 1422 3258 sulli-

309 3275 387 3324 uelat
403 3273 540 3336 iudicibus,
559 3274 587 3322 in
605 3273 652 3322 illa
669 3274 799 3339 lepebatur
816 3275 958 3328 satirarum
970 3284 1057 3340 parte,
1077 3276 1114 3326 acl
1129 3295 1207 3341 quam
1217 3277 1258 3342 fr,
1274 3277 1354 3328 VIII
1359 3297 1422 3344 per·

311 3347 374 3396 tinet
462 3347 617 3394 existimabat
630 3341 874 3411 Gerelferlptauusl
966 3349 1031 3396 dolet
1049 3349 1095 3410 legi
1114 3357 1269 3399 transmutat
1279 3350 1349 3400 iolcm

310 3433 342 3468 en
361 3418 402 3468 itis
419 3417 504 3468 uerbis
523 3416 733 3466 declamationem
750 3418 780 3470 P.
794 3418 911 3468 Petronii
928 3418 1037 3468 electoris
1056 3419 1137 3484 effecit
1155 3420 1293 3472 Goldastus

839 3605 889 3666 XV

395 3723 571 3803 plossorium
586 3723 614 3784 S.
628 3723 762 3804 Dionpsii
769 3744 775 3785 :
788 3733 926 3804 petaurus
940 3743 1031 3804 genus
1043 3727 1112 3788 ludi.
1136 3728 1291 3790 Petronius
1303 3721 1420 3808 ‘petau-

311 3839 403 3900 roque
419 3822 538 3883 iubente
553 3823 643 3882 modo
660 3814 819 3902 superior’.
849 3843 958 3884 ninius

381 3985 428 4025 aut
436 3977 524 4042 fallor
548 3987 595 4028 ant
612 3981 711 4046 conpleri
728 3980 768 4030 iuis
788 3989 885 4044 oportet
903 3997 959 4030 eam
977 3982 1098 4032 lacunam
1116 3997 1194 4046 qnam
1208 3999 1237 4048 p.
1253 3986 1321 4045 622
1340 3983 1421 4048 siqni-

302 4047 389 4110 ficaui
412 4048 458 4098 lenc
477 4051 590 4114 cnentplo
608 4069 668 4114 puter
686 4053 710 4100 in
731 4053 797 4100 scale
815 4055 907 4101 saltans
925 4064 1077 4117 petauroque
1095 4055 1193 4104 iubente
1213 4057 1287 4105 modo
1307 4057 1421 4118 superior

310 4119 353 4182 (iol
366 4127 402 4168 est
413 4128 441 4169 ut
452 4128 594 4183 patararum
602 4123 856 4188 petauristamomquc
870 4139 932 4174 ustos
944 4124 1056 4189 ferebat,
1077 4133 1137 4174 turec
1148 4125 1233 4189 msam
1245 4127 1273 4175 in
1285 4126 1421 4190 superiore

307 4191 396 4255 praolu
413 4192 526 4242 membra
544 4193 658 4258 iactans)
678 4196 740 4242 forte
758 4196 829 4243 altius
852 4211 957 4244 excusso
976 4212 1079 4260 corpore
1098 4197 1123 4245 in
1143 4199 1234 4247 lectum
1253 4199 1420 4247 Trimalchio·

309 4264 347 4311 nis
454 4274 571 4329 petaurus
582 4265 699 4330 farinam
718 4274 870 4316 eonemcntus
885 4267 1011 4332 plantator
1029 4275 1066 4318 cst
