3162 4958
666 459 809 513 sennan
1229 463 1286 526 131

142 625 164 676 L
183 623 285 679 contra
304 616 350 678 las
370 614 523 696 legemque
539 615 731 688 contaminet,
752 615 974 695 interpellatque
989 617 1177 678 saevientium
1194 617 1289 680 minas

183 731 245 775 nou
266 713 362 774 solum
384 733 454 775 voce
470 715 521 776 sed
539 715 625 776 etiam
642 715 786 776 manibus
819 716 916 776 aderat
931 715 1123 793 interpellanti
1139 736 1289 778 mercena-

182 814 244 874 rius
261 831 361 874 comes
378 820 406 873 et
420 831 497 874 unus
514 813 641 892 alterque
657 813 876 875 infirmissimus
889 823 998 887 vector,
1015 815 1116 875 solatia
1128 816 1220 893 magis
1231 815 1289 877 litis

185 930 271 991 quam
287 910 392 972 virium
409 911 522 974 auxilia.
552 930 606 974 nec
622 911 776 991 quicquam
792 931 846 992 pro
863 932 910 972 me
926 912 1110 992 deprecabar,
1128 915 1178 974 sed
1192 915 1290 976 inten-

149 1019 252 1073 ttans
272 1011 303 1071 in
324 1012 425 1071 oculos
446 1009 636 1089 Tryphaenae
656 1029 760 1071 manus
781 1028 905 1072 usurum
924 1031 972 1072 me
991 1011 1100 1073 viribus
1122 1013 1194 1074 meis
1215 1014 1290 1076 clara

184 1109 332 1190 liberaque
356 1128 428 1171 voce
455 1109 590 1181 clamavi,
617 1109 647 1168 ni
673 1107 832 1170 abstineret
858 1127 874 1170 a
898 1109 1002 1170 Gitone
1028 1110 1164 1172 iniuriam
1186 1112 1291 1173 mulier

185 1209 320 1270 damnata
335 1216 364 1269 et
378 1208 408 1269 in
423 1215 485 1269 toto
501 1206 617 1286 navigio
634 1208 696 1268 sola
711 1208 895 1268 verberante.
920 1209 1088 1270 accenditur
1099 1210 1215 1270 audacia
1228 1229 1291 1271 mea

185 1307 287 1368 iratior
301 1307 420 1379 Lichas,
441 1306 665 1386 indignaturque
685 1307 766 1385 quod
787 1325 840 1385 ego
860 1305 957 1366 relicta
978 1325 1042 1368 mea
1059 1327 1162 1368 caussa
1177 1316 1290 1369 tanturn

185 1424 241 1484 pro
262 1406 317 1466 alio
339 1406 442 1466 clamo.
480 1424 534 1467 nec
554 1406 652 1466 miuus
674 1405 846 1485 Tryphaena
867 1406 1041 1468 contumelia
1061 1404 1152 1468 saevit
1171 1424 1292 1466 accensa

132 1519 167 1570 10
186 1504 336 1583 totiusque
351 1502 455 1582 navigii
470 1503 587 1564 turham
604 1501 714 1564 diducit
729 1503 758 1563 iu
775 1510 881 1581 partes.
912 1504 980 1565 hinc
994 1503 1191 1566 mercenarius
1210 1506 1293 1582 [ton-

185 1605 245 1680 sor]
262 1603 440 1664 ferramenta
456 1621 508 1664 sua
523 1602 610 1663 nohis
626 1610 654 1663 et
665 1602 728 1680 ipse
740 1610 869 1663 armatus
881 1601 1037 1675 distribuit,
1052 1603 1130 1665 illinc
1142 1603 1292 1683 Tryphae-

185 1719 242 1762 nae
253 1700 470 1788 familianudas
486 1702 603 1781 expedit
617 1719 733 1762 manus.
762 1719 795 1761 ac
815 1719 852 1761 ne
867 1700 1032 1762 ancillarum
1050 1702 1167 1780 quidem
1184 1702 1294 1762 clamor

185 1793 277 1861 aciem
293 1799 435 1874 destituit,
455 1819 514 1862 uuo
535 1808 648 1862 tantum
666 1799 861 1880 gubernatore
875 1799 1043 1861 relicturum
1062 1819 1093 1860 se
1108 1799 1188 1860 navis
1205 1799 1293 1860 mini-

186 1897 307 1959 sterium
323 1899 525 1973 denuntiante,
545 1900 569 1960 si
585 1917 646 1960 non
662 1899 777 1960 desinat
791 1898 886 1960 rabies
902 1899 1019 1960 libidine
1034 1899 1214 1978 perditorum
1232 1898 1293 1959 col-

134 2004 168 2055 15
187 1997 270 2058 lecta.
299 1997 390 2059 nihilo
410 1997 510 2059 minus
529 2005 628 2060 tamen
648 2004 814 2077 perseverat
836 1997 1037 2059 dimicantium
1052 1997 1150 2069 furor,
1165 1997 1222 2057 illis
1237 2015 1292 2076 pro

186 2095 307 2172 ultione,
323 2096 409 2158 nobis
425 2115 479 2176 pro
495 2096 550 2157 vita
566 2097 775 2176 pugnantibus.
798 2096 881 2156 multi
894 2114 962 2174 ergo
974 2095 1112 2178 utrinque
1124 2096 1187 2156 siue
1199 2104 1293 2156 morte

186 2193 339 2269 labuntur,
358 2195 457 2275 plures
479 2195 590 2256 cruenti
610 2196 779 2256 vulneribus
800 2195 931 2256 referunt
951 2194 1034 2255 veluti
1055 2214 1089 2254 ex
1112 2195 1224 2274 proelio
1239 2213 1293 2273 pe-

188 2293 271 2367 dem,
292 2313 346 2355 nec
362 2301 459 2355 tamen
479 2293 650 2373 cuiusquam
667 2294 709 2355 ira
723 2291 844 2353 laxatur.
874 2300 945 2354 tnnc
958 2292 1139 2354 fortissimus
1155 2293 1243 2355 Giton
1258 2293 1294 2354 ad

187 2391 277 2453 virilia
294 2412 347 2454 sua
363 2391 493 2454 admovit
506 2393 677 2454 novaculam
692 2391 839 2462 infestam,
854 2390 981 2451 minatus
995 2411 1027 2452 sa
1039 2391 1237 2453 abscissurum
1250 2398 1295 2452 tot

134 2499 170 2550 20
188 2489 372 2552 miseriarum
389 2508 533 2565 caussam,
544 2491 727 2570 inhibuitque
738 2489 909 2569 Tryphaena
920 2496 979 2550 tam
991 2491 1098 2568 grande
1108 2491 1221 2552 facinus
1234 2508 1294 2551 uon

188 2590 372 2652 dissimulata
387 2589 537 2653 missione.
568 2590 685 2669 saepius
705 2609 758 2668 ego
784 2589 911 2650 cultrum
926 2590 1092 2650 tonsorium
1105 2607 1194 2668 super
1209 2588 1294 2666 iugu-

186 2689 247 2750 lum
264 2708 362 2750 meum
377 2689 478 2768 posui,
493 2705 553 2749 non
570 2690 661 2767 magis
677 2707 724 2749 me
740 2687 905 2761 occisurus,
921 2706 1008 2766 quam
1025 2688 1126 2762 Giton,
1143 2687 1222 2767 quod
1238 2686 1295 2747 rni-

187 2787 323 2862 nahatur,
343 2787 481 2853 facturus.
513 2787 650 2849 audacius
670 2795 767 2848 tamen
787 2787 834 2848 ille
853 2787 1032 2866 tragoediam
1056 2785 1207 2866 implebat,
1229 2785 1294 2865 quia

135 2893 172 2944 24
189 2878 299 2948 sciehat
313 2905 345 2948 se
359 2886 437 2949 illam
453 2886 561 2949 habere
576 2886 758 2960 novaculam,
774 2905 830 2965 qua
845 2886 901 2946 iam
919 2886 974 2947 sibi
991 2885 1130 2946 cervicem
1146 2885 1295 2965 praecide-

124 2994 173 3047 Lo
190 2992 243 3046 rat.
260 2980 272 3069 ΙΙ
287 2991 383 3047 stante
404 3005 473 3065 ergo
493 2993 615 3065 utraque
634 2983 708 3059 acie,
730 3003 796 3046 cum
819 2970 972 3064 appareret
985 2984 1118 3046 futurum
1133 3002 1193 3046 non
1209 2984 1295 3045 trala-

262 3179 371 3227 2ctiam
389 3178 428 3226 L:
448 3185 472 3227 et
485 3185 519 3242 pt
627 3177 784 3227 dabstineat
801 3175 973 3225 Mancinianae
1080 3177 1187 3226 Guitoue
1201 3177 1225 3226 L

189 3250 304 3300 iniuriam
322 3265 369 3299 em.
389 3250 543 3300 Antoniana
653 3253 665 3298 1
686 3250 814 3298 liberanda
833 3249 986 3298 uerberanda
1004 3245 1029 3298 L
1146 3249 1161 3297 8
1180 3249 1298 3298 irritatior

686 3321 818 3330 -ι--ι--ιαι

188 3356 274 3406 nescio
293 3356 351 3420 qnia
456 3357 646 3420 indignatusque
664 3355 758 3406 nitinrn
771 3354 935 3405 Antonianae
1036 3361 1133 3402 tantum
1147 3361 1193 3418 pt:
1212 3361 1297 3402 tomen

190 3428 215 3478 L
306 3431 391 3477 9non
409 3428 491 3476 minus
509 3428 534 3476 L
647 3429 679 3476 10
699 3434 784 3475 tonsor
803 3425 894 3476 ceolnod
913 3441 970 3475 111111
988 3424 1149 3478 Bnnnanno.
1186 3425 1298 3473 tonsoria

189 3513 413 3563 superuacaneum
423 3498 497 3564 foret
604 3501 635 3548 11
656 3499 794 3562 etiamipse
807 3497 832 3546 L
924 3499 954 3546 13
973 3505 1044 3546 tanto
1057 3494 1082 3545 L
1173 3499 1204 3545 16
1225 3497 1297 3545 semi-

189 3572 281 3620 mortui
296 3562 381 3620 ‘acetnc
399 3564 489 3620 coden’
511 3569 655 3633 Wonwerii,
675 3571 727 3618 sine
746 3584 817 3618 mora
834 3569 961 3635 Issnpine.
992 3568 1120 3617 mimicam
1138 3576 1166 3618 tn
1183 3583 1297 3632 pnpnarn

190 3641 283 3692 credas
368 3643 398 3692 11
414 3644 508 3692 cruenti
520 3643 571 3691 aine
586 3642 726 3691 uulneribus
740 3640 764 3690 I.
776 3639 809 3694 F.
822 3640 967 3691 Grononinc
1053 3642 1084 3690 18
1099 3641 1191 3690 Guiton
1201 3636 1226 3687 L

193 3718 225 3764 19
244 3714 359 3763 intestam
377 3713 541 3763 Richardus:
556 3705 687 3762 ‘infertam
705 3720 785 3776 1111111,
805 3729 857 3762 non
875 3705 1002 3786 infectam'
1024 3711 1159 3772 Pittacon·
1181 3712 1298 3760 infertam

185 3803 217 3851 p,
236 3785 353 3834 insertam
372 3784 414 3849 Lt,
433 3786 552 3835 infectam
570 3802 661 3850 marpo
683 3791 693 3833 t
800 3787 833 3832 20
854 3800 968 3833 caussam
986 3791 1023 3832 tot
1041 3786 1195 3834 miseriarum
1214 3790 1298 3832 trane-

185 3856 265 3921 ponit
281 3856 306 3905 L
431 3859 464 3905 21
485 3858 621 3906 offensione
640 3872 730 3920 margo
749 3863 765 3918 t,
780 3857 942 3904 ,miseratione
961 3870 1004 3919 eqo
1024 3856 1083 3906 olim
1101 3864 1125 3905 ct
1136 3853 1254 3904 Huncine
1267 3871 1297 3918 p.

191 3931 235 3978 20.
258 3935 408 3992 proruptum
422 3943 491 3992 prae
509 3943 535 3977 ce
554 3927 612 3977 tulit
623 3927 659 3976 ad
670 3926 816 3976 missionem
828 3927 943 3976 animaene
1042 3931 1075 3975 22
1096 3927 1187 3976 Guiton
1202 3925 1227 3975 L

192 4002 226 4050 23
245 3997 419 4064 supplendum
438 4002 548 4049 lecturus
568 4008 620 4048 crat
738 3999 777 4047 ille
797 4007 879 4048 tomen
900 3999 1046 4062 transponit
1064 4006 1073 4048 t
1193 4001 1227 4046 24
1247 4013 1298 4046 cer·

190 4072 273 4120 uicem
291 4079 321 4121 nt
332 4069 411 4135 prior
429 4087 443 4122 c
462 4087 494 4122 ece
512 4070 666 4122 correctione
684 4070 718 4120 sit
734 4069 759 4118 Is
874 4071 1022 4134 praeciderit
1039 4069 1064 4118 L
1182 4072 1215 4118 25
1235 4075 1298 4119 state

192 4142 218 4193 G
326 4143 365 4191 cui
385 4141 413 4191 F
525 4150 628 4207 apparet
647 4141 679 4205 G,
698 4147 796 4207 pareret
815 4140 841 4189 P
954 4157 1005 4190 non
1024 4143 1171 4191 tralaticium
1186 4133 1235 4190 ‘cic
1253 4139 1299 4189 Al-

191 4212 391 4268 tiasiodurenaia.
419 4213 453 4264 ai.
467 4215 603 4264 stlatcrium
622 4222 646 4264 et
657 4208 795 4264 statarium'
811 4209 940 4275 Pithoeus,
960 4228 1010 4261 non
1030 4214 1173 4262 tralatitinm
1181 4228 1210 4276 p.
1246 4227 1299 4260 non

191 4285 302 4352 uulgare
320 4293 368 4336 aut
384 4286 439 4338 leue
457 4286 632 4353 significatur:
650 4301 700 4335 non
719 4285 839 4335 tlaticium
859 4283 890 4348 P,
909 4299 925 4332 n
945 4280 1142 4351 (Mommsenoir
1155 4284 1241 4334 nienna
1253 4281 1299 4348 eet)

1067 4368 1100 4420 9*
