3008 4962
1173 484 1203 524 ttt

88 615 248 676 Lotcauum
263 613 399 684 Statium,
419 619 451 675 in
472 618 600 688 camnine
621 613 708 676 Vtttt
726 631 900 676 enumerans
915 620 975 678 sine
991 617 1092 679 ordine
1104 629 1204 699 poetas

90 743 185 784 uersu
206 721 270 784 268
289 727 363 784 inter
382 723 550 803 Septimium
570 734 595 785 et
615 723 783 785 Martialem
803 736 1009 786 commemorat
1026 725 1203 788 Petronium.

91 833 268 894 Priscianus
282 851 354 912 quoe
370 834 467 913 adfert
478 835 534 912 (sr.
552 831 586 908 V)
602 851 637 893 eo
647 833 762 894 videtur
774 832 890 893 aliunde
901 832 1039 904 bousissc,
1055 853 1143 915 neque
1155 833 1203 896 lo·

92 961 189 1002 atltaes
203 941 299 1020 Ludus
313 945 364 1021 qui
378 942 410 1001 de
425 941 641 1020 mapistrotibns
656 938 673 1000 l
684 938 723 1000 tt
744 939 813 1000 baec
829 941 917 1001 didit:
938 943 1082 1024 Τοῦρνος
1097 939 1134 1003 δὲ
1148 937 1202 1004 nal
1240 973 1242 980 ·

29 1035 32 1040 ’
90 1041 313 1130 Ἰοιβενάλιος
332 1043 390 1110 καὶ
405 1043 593 1134 Πετρώιιιος
614 1039 760 1110 αὐτόθεν
778 1048 851 1122 ταῖς
872 1042 1057 1129 λοιδορίαις
1071 1043 1203 1127 burgol—

93 1154 218 1232 θόντες
232 1153 288 1218 abr
302 1153 478 1240 σατυρικὸν
491 1152 591 1236 νόμον
606 1150 832 1240 παρέτρωοον,
853 1162 960 1220 satiras
974 1163 1052 1239 ipsas
1066 1177 1205 1240 umquam

94 1272 274 1348 inspexerat.
300 1270 373 1328 siam
382 1260 497 1328 ‘elector
509 1286 546 1328 en
557 1266 650 1328 drinio
663 1265 771 1327 Lucilio
788 1265 920 1327 Varrone
934 1258 1068 1329 saturoe'
1080 1270 1204 1329 tradtm

94 1389 146 1436 tur
170 1378 259 1456 fuisse
279 1374 351 1437 lulli
367 1374 453 1436 Flori
476 1379 537 1436 eius
563 1377 601 1436 ad
624 1393 706 1456 quem
727 1375 863 1454 epistulas
882 1373 1024 1436 Horatius
1044 1380 1134 1447 mt'sd,
1165 1381 1205 1437 sic

94 1488 185 1546 ctiam
195 1483 325 1546 Petronii
338 1488 447 1546 sotiroe
461 1488 501 1544 eis
516 1487 566 1564 qui
580 1495 726 1563 tamquam
739 1484 875 1544 arborem
884 1502 1089 1564 praepropero
1101 1503 1204 1565 ompu-

95 1594 182 1654 taudi
193 1595 376 1673 festinatione
392 1593 559 1654 coercebant
574 1593 690 1672 lorpom
702 1592 865 1671 praebuere
876 1591 1031 1654 electorum
1043 1597 1204 1654 matem'om.

95 1707 123 1762 si
147 1702 222 1782 fides
242 1703 381 1764 tribuitur
400 1701 507 1763 locuru'
525 1701 750 1771 saresberiensi,
777 1701 929 1762 rcttulerat
948 1703 1152 1781 facetisu‘mam
1174 1703 1207 1762 de
1239 1689 1242 1695 ¹

96 1822 238 1872 mamona
249 1811 370 1891 llpltesio
381 1811 515 1891 subulam
527 1814 612 1872 etiam
628 1809 725 1870 Virius
735 1808 895 1869 Flauianus
907 1808 1109 1880 Nicomachus,
1122 1821 1206 1870 tron-

96 1923 239 2001 scriptam
253 1923 313 1980 sine
328 1921 414 1981 dubia
430 1939 468 1980 ecc
483 1919 559 1980 libro
575 1917 710 1980 Petronii.
737 1919 786 1979 sed
799 1929 832 1978 ut
846 1915 1023 1978 Flavianum
1036 1917 1086 1978 ille
1106 1935 1207 1979 errore

98 2032 233 2109 deeeptus
246 2031 454 2100 nominarent,
474 2033 535 2089 iam
549 2029 602 2089 sub
621 2028 770 2089 lbeodosii
784 2038 902 2089 oetatem
918 2038 1070 2107 cacerptas
1085 2046 1143 2088 esse
1157 2046 1207 2088 sa-

96 2136 376 2199 tirasPetronionos
389 2137 477 2218 facile
493 2137 587 2199 eredo.
618 2137 884 2216 euploratissimum
900 2148 995 2198 autem
1010 2135 1082 2197 mibi
1092 2147 1132 2197 est
1141 2138 1208 2197 inde

98 2267 117 2306 a
138 2249 257 2327 septimo
277 2245 390 2307 soeculo
407 2245 569 2326 pleniorem
589 2263 676 2326 quam
695 2264 748 2306 nos
762 2243 930 2306 Petroniam
949 2249 980 2304 in
999 2245 1135 2306 manibus
1153 2244 1206 2305 ba-

99 2355 195 2416 buisse
214 2357 365 2416 neminem.
396 2372 472 2415 nono
498 2353 612 2414 soeculo
640 2371 758 2414 carmen
783 2355 816 2415 de
843 2353 915 2415 bello
937 2354 1018 2414 cicili
1035 2367 1209 2433 coenaverat

99 2462 236 2524 lleiricus
255 2465 350 2542 frater
366 2463 613 2524 ttttsstodurecsts
632 2463 757 2524 eiusdem
775 2465 945 2524 monasterii
965 2481 1052 2543 autea
1069 2466 1208 2543 optimum

100 2583 126 2631 rt
143 2574 372 2660 antz'quirsimum
387 2570 516 2632 Petronii
535 2572 658 2632 codicem
674 2555 831 2632 oriundam
847 2590 905 2632 esse
921 2583 1038 2632 constat.
1069 2571 1118 2632 ille
1133 2576 1209 2634 enim

102 2684 279 2750 enutritam
298 2680 328 2740 S.
348 2679 487 2742 Germani
505 2683 630 2760 episcopi
648 2679 896 2740 Altissiodurensis
915 2680 1047 2740 versibus
1071 2683 1209 2760 scriptum

101 2789 191 2862 (edita
210 2798 251 2848 est
268 2791 299 2848 in
315 2792 386 2848 actis
400 2799 567 2848 sanatorum
582 2791 688 2848 mensis
702 2784 773 2848 lulii
788 2787 960 2867 dmoerpioe
976 2787 1078 2863 1733)
1096 2791 1211 2850 circiter

100 2915 215 2957 annum
229 2895 290 2956 676
305 2898 349 2957 ‘ad
364 2896 503 2957 Carolum
519 2895 640 2956 Calvum
659 2899 795 2967 mitteret,
812 2907 838 2957 et
848 2900 1032 2977 prooemium
1047 2897 1127 2958 illius
1138 2916 1210 2977 poe-

100 3008 188 3066 matis
204 3007 241 3065 od
256 3004 376 3066 uerbum
391 3016 416 3066 et
432 3004 504 3066 alios
519 3021 620 3064 uersus
634 3009 791 3066 nterttorioe
806 3007 960 3068 mandatos
975 3007 1013 3066 od
1028 3025 1142 3066 sensum
1157 3025 1210 3068 ea-

96 3117 214 3194 pressit.
246 3114 324 3175 uelut
337 3113 406 3174 baec
426 3111 489 3186 Vr,
505 3112 566 3172 131
582 3133 610 3192 p.
622 3111 688 3173 246
700 3104 778 3174 tbinc
793 3114 868 3174 subit
883 3118 980 3174 aerios
994 3117 1106 3174 meritis
1119 3115 1210 3175 subli-

100 3227 180 3284 mior
196 3222 291 3302 Alpes,
314 3222 394 3283 limes
414 3222 459 3283 bic
476 3222 617 3283 basculos
633 3220 725 3281 Gallis
740 3223 921 3282 disterminat
936 3213 1008 3282 oris'
1024 3241 1079 3301 eos.
1097 3226 1210 3302 conspi-

101 3341 172 3392 rant
193 3349 258 3391 cum
277 3329 461 3391 Petrom‘onis
477 3349 507 3409 p.
527 3329 595 3404 too,
615 3329 651 3390 13
673 3342 724 3390 aut
742 3330 811 3391 boec
837 3329 904 3406 V2,
921 3329 987 3390 132
998 3350 1029 3410 p.
1046 3328 1112 3390 246
1124 3320 1212 3410 ‘quod

100 3459 163 3501 non
182 3440 243 3519 fidu
258 3450 369 3500 tumens
385 3449 498 3519 caperet
513 3442 629 3517 oestipia
644 3429 759 3517 purpes'
777 3457 841 3500 cnm
857 3437 1039 3500 Petronionis
1050 3457 1081 3517 p.
1098 3437 1166 3510 165,
1182 3438 1210 3500 8.

98 3551 199 3629 posuit
217 3548 291 3608 idem
311 3551 342 3607 in
353 3549 539 3627 praefatione
548 3550 631 3626 tertii
645 3546 716 3606 libri
728 3543 770 3605 ot
782 3566 812 3625 p.
830 3543 897 3605 234
913 3545 1066 3623 septifluus
1082 3547 1210 3608 vocabum

101 3659 178 3726 lium,
201 3657 276 3736 quod
290 3659 437 3735 reperitur
452 3659 483 3716 in
498 3655 582 3716 libris
596 3654 726 3716 Petronii
736 3675 766 3733 p.
783 3653 850 3724 187,
868 3640 896 3724 b,
913 3652 985 3714 alibi
998 3655 1113 3715 videaur
1127 3673 1210 3736 repe-

102 3768 163 3828 riri
176 3784 327 3844 nusquam.
359 3766 466 3825 decimo
483 3765 697 3826 oottundecimo
713 3762 827 3824 saeculo
844 3765 968 3844 scriptus
983 3774 1022 3824 est
1038 3765 1129 3825 cotes
1144 3764 1213 3825 olim

102 3875 367 3943 altissiodorensis,
388 3873 470 3934 ltodie
486 3873 638 3934 dernensis
659 3873 692 3932 de
712 3889 765 3950 quo
782 3875 877 3933 statim
893 3872 1022 3933 dicturus
1037 3890 1115 3943 sum;
1140 3872 1211 3933 duo-

101 3986 212 4044 decimo
233 3986 264 4042 in
286 3981 440 4042 Britannia
456 3981 579 4042 locanes
598 3980 839 4050 saresberiensis,
863 3983 946 4040 tertio
968 3981 1076 4040 decimo
1098 3981 1212 4042 soccotlo

105 4090 272 4152 Vincentius
284 4089 465 4150 beluacensis
477 4093 507 4149 in
520 4087 617 4149 Gallio
629 4087 796 4148 Petronium
809 4088 960 4158 lectitabat,
979 4087 1123 4149 consimili
1132 4099 1212 4148 uter-

101 4220 157 4282 que
172 4197 340 4261 nostrorum
356 4198 519 4279 enemplari
532 4217 610 4258 usus.

194 4307 272 4368 Vnus
286 4309 343 4389 fruit
359 4319 423 4368 onte
439 4306 490 4368 bos
504 4305 582 4368 mille
598 4323 691 4366 arctoos
706 4316 910 4386 excerptorum
926 4305 1013 4376 liber,
1030 4325 1044 4366 e
1059 4322 1114 4384 quo
1130 4307 1216 4382 qrtosi
