3022 4956
563 435 705 488 surram
1146 443 1187 505 55

64 593 166 654 henim
181 593 379 672 gaffinaoeum‚
399 591 585 671 penthiacum
607 597 635 652 et
657 591 801 653 eiusmodi
815 593 934 654 naenias
950 594 1052 656 rustici
1067 595 1189 657 faciunt:

95 693 145 752 mei
160 695 218 754 coci
234 692 316 753 etiam
332 691 437 752 vitulos
453 709 526 750 aeno
548 696 649 751 coctos
671 690 768 750 solent
784 681 898 768 facere.³
922 693 1121 774 continuoque
1138 713 1190 755 co-

96 810 153 852 cum
172 789 266 852 vocari
285 789 371 850 iussit
391 795 419 848 et
433 806 494 848 non
510 795 657 868 expectata
673 787 812 848 electione
827 797 928 850 nostra
944 791 1103 854 maximum
1119 801 1190 854 natu

97 889 196 966 [iussit]
221 888 320 950 occidi.
351 895 379 947 et
399 887 473 947 clara
492 906 562 946 voce
580 877 630 945 ‘ex
645 878 744 966 quota’
764 890 857 966 inquit
871 879 1003 949 ‘decuria
1024 882 1092 950 esT'
1122 910 1190 952 cum

69 1001 81 1047 5
95 986 134 1048 ille
145 1006 198 1047 esse
210 1006 240 1047 se
252 1007 285 1048 ex
298 985 519 1066 quadragesima
531 985 743 1064 respondisset,
753 977 919 1065 ‘empticius
932 979 977 1046 an’
992 987 1087 1067 inquit
1097 978 1190 1049 ‘domi

95 1077 203 1146 natus?’
214 1076 379 1146 ‘neutrum
397 1084 490 1164 inquit
506 1103 595 1146 cocus
607 1076 670 1144 ‘sed
686 1089 861 1144 testamento
874 1085 987 1146 Pansae
1002 1086 1055 1147 tibi
1071 1086 1189 1147 relictus

95 1176 169 1244 sum?
193 1177 273 1244 tvide
289 1173 372 1262 ergo'
388 1183 427 1243 ait
438 1173 487 1243 ‘ut
503 1183 652 1260 diligenter
667 1200 776 1262 ponas3
798 1182 822 1243 si
837 1201 908 1256 non,
925 1192 953 1244 te
968 1183 1073 1245 iubebo
1090 1184 1119 1242 in
1136 1183 1189 1244 de-

95 1282 191 1342 curiam
205 1282 347 1343 viatorum
364 1272 476 1342 conici.³
505 1288 534 1341 et
548 1300 650 1342 cocum
668 1279 782 1361 quidem
800 1281 947 1358 potentiae
963 1281 1145 1342 admonitum
1159 1281 1189 1342 in

94 1381 204 1442 culinam
225 1381 381 1442 obsonium
404 1380 492 1441 duxit.
522 1378 696 1440 Trimalchio
718 1386 813 1440 autem
834 1380 897 1441 miti
917 1381 952 1440 ad
972 1398 1028 1440 nos
1045 1381 1125 1441 vultu
1139 1399 1187 1441 re·
1204 1375 1245 1439 48

59 1486 82 1534 10
97 1480 180 1557 sperit
199 1489 226 1540 et
243 1469 371 1540 ‘vinum’
392 1479 486 1556 inquit
501 1469 543 1537 ‘si
564 1495 625 1537 non
640 1478 745 1556 placet,
761 1478 896 1552 mutab03
916 1497 969 1539 ros
985 1478 1054 1539 illud
1070 1485 1189 1558 oportet

93 1578 193 1638 bonum
207 1577 329 1640 faciatis
360 1577 483 1637 deorum
503 1576 642 1636 beneficio
664 1595 723 1638 non
739 1596 820 1651 emo,
841 1577 893 1638 sed
908 1596 987 1638 nunc
1003 1579 1138 1657 quicquid
1154 1577 1191 1640 ad

95 1676 200 1736 salivam
215 1677 298 1752 facit,
313 1677 343 1738 in
360 1674 529 1737 suburbano
545 1674 675 1734 nascitur
690 1695 740 1751 eo,
764 1675 840 1754 quod
858 1694 911 1754 ego
928 1676 1022 1736 adhue
1035 1694 1096 1736 non
1112 1676 1189 1737 novi.

93 1775 185 1836 dicitur
202 1777 318 1837 confine
338 1794 403 1836 esse
420 1771 689 1832 Tarraciniensibus
710 1781 739 1833 et
753 1773 930 1835 Tarentinis.
962 1793 1041 1836 nunc
1064 1777 1189 1837 coniun-

93 1891 149 1952 gere
163 1875 258 1952 agellis
276 1872 401 1934 Siciham
417 1870 493 1945 volo,
508 1878 541 1931 ut
556 1890 621 1932 cum
637 1871 764 1932 Africam
780 1872 895 1934 libuerit
909 1873 966 1947 ire,
977 1869 1034 1952 'per
1049 1893 1133 1935 meos
1150 1874 1187 1933 li-

56 1978 78 2027 15
93 1990 137 2032 nes
151 1974 290 2052 navigem.
321 1971 372 2032 sed
388 1989 473 2032 narra
488 1977 519 2030 tu
534 1969 614 2044 mihi,
630 1970 839 2052 Agamemnon,
856 1991 942 2052 quam
958 1973 1187 2035 controversiam

92 2071 167 2132 hodie
186 2068 376 2134 declamasti?
407 2087 460 2147 ego
482 2067 568 2128 etiam
590 2067 614 2127 si
636 2087 738 2130 causas
759 2089 820 2131 non
840 2091 907 2151 ago,
929 2073 960 2132 in
981 2071 1188 2133 domusionem

92 2176 178 2231 lamen
191 2171 303 2232 litteras
319 2168 414 2229 didici.
446 2175 474 2228 ct
488 2185 525 2227 nc
539 2185 587 2226 me
602 2176 686 2246 putes
703 2169 797 2230 studia
808 2169 978 2245 fastiditum,
993 2171 1018 2232 ll
1030 2170 1189 2232 bibliothe-

93 2287 133 2328 cas
147 2270 246 2344 habeo‚
261 2286 350 2330 unam
367 2267 516 2338 Graecam,
533 2265 652 2327 alteram
668 2267 811 2328 Latinam.
843 2267 888 2328 dio
904 2287 983 2348 ergo,
1001 2269 1084 2331 sime
1098 2287 1190 2342 amas,

92 2367 243 2444 peristasim
260 2365 477 2428 declamationis
492 2356 578 2426 tuae.³
608 2384 673 2426 cum
694 2366 815 2427 dixisset
828 2366 1043 2446 Agamemnon:
1061 2359 1191 2447 ‘pauper

55 2469 79 2518 20
94 2472 118 2525 ot
135 2466 208 2528 dives
228 2464 340 2528 inimici
360 2454 455 2525 erant'
471 2498 511 2508 -
527 2463 567 2524 ait
585 2461 760 2525 Trimalchio
778 2455 862 2542 tquid
883 2474 927 2527 est
948 2457 1095 2545 pauper?
1123 2457 1190 2525 ‘ur-

91 2555 167 2625 bane'
186 2565 283 2646 inquit
297 2563 498 2642 Agamemnon
520 2569 548 2623 et
568 2562 667 2622 nescio
689 2581 776 2640 quam
797 2563 1027 2624 controversiam
1044 2562 1188 2642 exposuit.

91 2663 176 2722 statim
192 2661 369 2725 Trimalchio
382 2651 469 2722 ‘hoc'
484 2660 579 2748 inquit
590 2650 633 2719 ‘si
645 2660 753 2720 factum
769 2668 821 2734 est,
840 2661 1039 2722 controversia
1055 2678 1115 2720 non
1131 2666 1189 2733 cst;

91 2760 112 2819 si
124 2761 227 2824 factum
249 2779 311 2823 non
332 2767 389 2834 est,
409 2759 481 2819 nihil
495 2749 558 2819 est'
588 2759 660 2819 haec
675 2757 785 2838 aliaque
800 2777 867 2819 cum
883 2759 1067 2820 effusissimis
1083 2777 1191 2839 prose-

93 2880 259 2893 Μ...-
270 2887 276 2889 .
288 2887 294 2890 ⁴
329 2883 380 2890 ..-0-

156 2941 168 2985 1
188 2937 296 2988 contulit
313 2935 438 2987 Heinsius
462 2933 558 2997 Vespoe
581 2933 709 2982 iudicium
727 2933 779 2982 coci
797 2942 821 2983 et
835 2934 943 2998 pistoris
962 2953 987 2986 u.
1008 2940 1043 2986 74
1058 2926 1107 2986 ‘est
1122 2935 1190 2988 Bro-

92 3007 135 3056 mio
153 3009 287 3071 Pentheus,
307 3015 344 3056 est
361 3005 466 3056 etmihi
484 3004 515 3054 cle
531 2999 596 3055 *boue
615 2998 764 3054 Pentheus':
782 3007 930 3070 phasiacam
947 3007 1083 3058 Reinesius

93 3080 180 3129 toene
199 3088 285 3130 coctos
307 3078 496 3128 Tilebomenus:
516 3091 562 3124 eno
582 3084 654 3125 cocto
673 3075 709 3124 H.
747 3087 896 3127 oenococtos
917 3077 1030 3130 Oriolius
1044 3083 1120 3144 p.24

93 3151 105 3195 3
122 3151 186 3201 iussit
209 3153 295 3217 inepte
313 3150 455 3213 repetitum.
487 3154 550 3211 post
567 3148 645 3196 occidi
664 3155 749 3196 autem
767 3147 880 3198 abscissa
897 3152 1017 3201 narratio
1034 3151 1150 3216 maleque
1168 3157 1193 3200 et

92 3218 255 3286 praepositum
280 3221 392 3272 uidetur.
430 3217 523 3268 deinde
541 3219 619 3280 inquit
638 3217 734 3268 addidi
878 3224 891 3269 5
912 3237 965 3271 esse
984 3221 1091 3272 addidi:
1115 3221 1193 3286 uulgo

93 3307 132 3341 orn.
150 3310 175 3344 se
286 3297 299 3342 6
320 3295 409 3342 notus?
429 3307 455 3358 es
476 3290 510 3339 H
522 3289 591 3339 mide
610 3305 636 3338 cs
656 3288 740 3340 deleui
848 3293 863 3340 8
883 3293 1005 3343 uictorum
1023 3309 1092 3357 susp.
1111 3292 1193 3342 Hein-

93 3363 139 3412 sius
225 3366 315 3415 coniiei
333 3364 368 3413 H
452 3378 541 3412 cocum
560 3363 659 3424 quidem
678 3362 840 3424 tramposui:
859 3365 957 3425 quidem
975 3380 1063 3413 cocum
1076 3363 1110 3412 H

92 3438 206 3497 potentiae
225 3435 386 3501 Sobefferus:
405 3435 516 3499 potentis
534 3432 569 3481 H
681 3435 712 3481 12
733 3448 789 3482 meo
809 3433 916 3482 Gaesius
1029 3437 1060 3482 13
1080 3435 1194 3482 Tarraci-

92 3509 204 3558 mensibus
224 3508 259 3557 H
272 3507 342 3557 unde
360 3505 588 3555 Tarraciniensibus
607 3504 785 3553 Burmannus.
824 3503 856 3568 cf.
878 3503 1004 3554 Ostienses
1027 3512 1051 3554 et
1070 3503 1193 3568 Ostenses,

93 3577 314 3630 Castrimoenenses
331 3587 355 3628 et
367 3576 614 3638 Castrimoenienses,
634 3575 787 3624 Misenensis
800 3583 823 3624 et
834 3575 1004 3639 Miseniensis‚
1025 3575 1159 3627 castrensis
1172 3584 1197 3626 et

93 3649 213 3716 collegium
242 3651 389 3703 castriense.
430 3647 585 3698 luculentum
612 3647 774 3712 ipnorantiae
803 3647 929 3710 specimen
952 3647 1015 3697 baec
1043 3648 1196 3698 Turricinae

93 3723 284 3772 conmemoratio
377 3723 408 3770 14
427 3721 540 3769 affricam
558 3717 594 3766 H.
628 3719 788 3782 praepositio
806 3717 875 3767 abest
892 3719 947 3768 siue
965 3719 1105 3771 secundum
1122 3720 1197 3786 uulgi

93 3805 159 3841 usum
177 3811 194 3842 a
212 3792 357 3857 Spartiano
370 3791 530 3857 Apuleioque
549 3789 739 3852 omnprobotum
756 3790 812 3839 siue
831 3791 894 3854 quia
913 3798 984 3841 terre
1002 3792 1048 3842 ttta
1066 3792 1138 3844 urbis
1156 3792 1196 3842 in·

93 3869 142 3912 star
156 3863 340 3914 Trimaicbimii
358 3863 463 3914 uidetur
573 3865 602 3910 15
623 3877 764 3924 agamenon
783 3861 819 3924 H,
837 3863 895 3911 item
914 3880 940 3917 u.
961 3867 992 3914 19
1013 3873 1036 3914 et
1055 3869 1087 3914 21

95 3936 122 3981 lo
141 3937 214 3984 etism
232 3936 338 3999 scripsi,
365 3935 470 3984 accessit
492 3932 604 3983 Weblius
623 3949 652 3995 p.
673 3935 721 3981 21:
745 3942 828 3982 autem
847 3933 883 3986 H.
921 3937 965 3984 etsi
987 3935 1098 3985 mambat
1115 3933 1197 3985 Hein-

93 4004 141 4052 sius
247 4009 420 4055 domusionem
445 4004 555 4054 Welelius
573 4003 681 4052 ibidem:
702 4004 870 4058 diuisioneH.
907 4007 959 4056 sine
977 4009 1096 4057 diuisione
1115 4007 1197 4057 Hein-

93 4075 141 4126 sius
233 4081 263 4125 17
284 4079 309 4126 Il
328 4077 421 4142 scripsi
440 4093 496 4126 cum
512 4074 683 4124 Tiledomeno:
704 4083 753 4124 tres
772 4075 806 4124 H
819 4075 951 4142 opimum
963 4077 995 4126 ab
1008 4078 1116 4128 Heinsio

93 4147 228 4198 bibliotecas
246 4149 283 4198 H.
321 4147 458 4198 Petronius
477 4154 544 4196 certo
563 4146 704 4209 scripserat
722 4147 890 4212 hybhothecas
983 4151 1015 4198 18
1035 4152 1124 4198 alteras
1143 4148 1197 4196 lati-

95 4217 297 4283 nasSchefferus.
334 4235 419 4269 oscam
438 4221 536 4268 tertiam
555 4217 667 4267 addebat
682 4216 793 4268 Oriolius
802 4236 823 4284 p
840 4222 874 4268 25
979 4223 1009 4270 19
1023 4220 1160 4283 peristasim
1173 4223 1197 4264 et

93 4288 119 4338 in
129 4291 244 4356 margine
254 4293 269 4346 i.
281 4291 488 4342 circumstantium
497 4289 527 4339 H
634 4291 667 4337 23
687 4290 739 4338 Hee
749 4287 784 4339 H
