3022 4956
580 429 723 484 sarrana
1143 433 1203 508 14⁷

84 595 100 646 1
114 602 146 646 nc
158 584 275 646 tabulam
292 585 410 664 quidem
426 585 584 665 naufragus
599 586 698 648 habes.
727 587 767 648 ite
781 603 861 648 nunc
874 585 1028 660 mortales,
1047 593 1077 647 et
1090 585 1204 667 maguis

116 683 324 762 cogitationibus
345 690 464 764 pectora
485 684 613 765 implete.
643 685 682 748 ite
696 686 785 759 cauti,
806 693 835 746 et
849 702 922 764 opes
936 683 1089 748 fraudibus
1105 693 1205 765 captes

115 801 160 860 per
176 782 248 844 mille
266 802 361 845 annos
379 782 537 862 disponite.
564 801 672 864 nempe
686 784 735 847 hic
748 785 882 864 proxima
897 783 961 846 luce
975 783 1145 864 patrimonii
1160 783 1206 846 sui

114 881 228 944 canones
242 882 379 961 inspexit,
394 899 501 961 nempe
516 881 592 942 diem
607 882 775 962 etiamque
790 891 931 945 venturus
942 889 1022 943 esset
1031 881 1061 942 in
1073 883 1207 962 patriam,

77 994 90 1042 1
117 978 201 1040 onium
216 999 269 1042 suo
284 981 378 1042 linxit.
409 980 448 1041 dii
465 981 600 1060 deaeque,
614 1000 701 1060 quam
715 980 801 1060 longe
816 999 832 1042 a
847 979 1042 1042 destinatione
1056 998 1109 1042 sua
1123 980 1205 1044 iacet.

115 1078 157 1140 scd
168 1098 224 1140 non
235 1081 297 1142 sola
309 1078 482 1140 mortalibus
494 1079 584 1140 maria
596 1080 673 1142 hanc
684 1079 771 1140 fidem
783 1085 941 1157 praestant
961 1078 1040 1140 illum
1053 1078 1205 1142 bellantem

116 1195 183 1241 uma
197 1178 357 1258 decipiunt,
378 1177 460 1238 illum
482 1178 537 1239 diis
553 1186 619 1240 vota
633 1178 801 1239 reddentem
817 1177 966 1255 penatium
982 1195 1104 1240 suorum
1120 1178 1204 1240 ruina

116 1276 218 1355 sepelit,
237 1277 283 1338 ille
299 1276 433 1338 rehiculo
454 1276 554 1358 lapsus
574 1282 780 1357 properantem
800 1275 934 1354 spiritum
954 1277 1092 1338 excussit
1122 1275 1204 1340 cibus

116 1374 215 1436 avidum
237 1374 439 1453 strangulavit,
459 1374 652 1438 abstinentem
673 1372 831 1452 frugalitas.
863 1374 977 1446 sibene
992 1375 1132 1440 calculum
1148 1395 1205 1457 po-

74 1482 101 1531 ιο
115 1489 170 1546 nas,
188 1473 293 1552 ubique
313 1472 496 1553 naufragium
511 1481 567 1535 est.
596 1472 718 1535 atenim
733 1470 870 1534 fluctibus
886 1473 994 1536 obruto
1010 1491 1072 1537 non
1087 1475 1205 1538 contin·

113 1572 147 1648 git
162 1573 317 1650 sepultura.
348 1579 486 1652 unquam
502 1571 630 1645 intersit,
651 1570 812 1650 periturum
829 1589 937 1650 corpus
952 1573 1115 1652 quaeratis
1131 1591 1205 1635 con·
1296 1579 1302 1584 '

113 1677 209 1743 sumat,
234 1670 311 1748 ignis
339 1689 376 1733 an
401 1672 506 1734 fluctus
529 1687 565 1730 an
586 1686 679 1729 mora.
713 1667 852 1747 quicquid
871 1669 989 1743 feceris,
1017 1671 1115 1732 omnia
1134 1671 1206 1734 baec

112 1767 201 1828 eodem
227 1776 348 1830 ventura
374 1778 452 1832 sunt.
485 1771 564 1831 ferae
588 1775 686 1828 tamen
712 1785 822 1847 corpus
847 1766 1026 1829 lacerabunt.
1065 1775 1205 1847 tauquam

110 1865 201 1927 melius
218 1867 295 1946 ignis
317 1867 453 1946 accipian
474 1869 566 1931 immo
587 1867 663 1928 hauc
684 1883 808 1945 poenam
829 1865 1031 1944 gravissimam
1047 1864 1204 1941 eredimus,

70 1966 96 2016 ta
112 1963 155 2024 ubi
172 1965 263 2027 servis
283 1966 448 2029 irascimur.
482 1985 556 2046 quae
581 1983 650 2043 ergo
673 1963 817 2026 dementia
837 1971 896 2038 est,
921 1964 1020 2026 omnia
1038 1965 1146 2039 facere,
1167 1981 1205 2026 ne

109 2062 170 2140 qnid
185 2065 220 2126 de
234 2064 322 2126 nobis
338 2064 484 2145 relinquat
498 2052 684 2143 sepultural'

637 2171 658 2211 ll·

183 2254 212 2309 et
229 2247 349 2309 Licham
370 2247 486 2326 quidem
507 2263 598 2324 rogus
617 2245 743 2308 inimicis
763 2245 884 2308 collatus
904 2247 1041 2310 manibus
1061 2246 1204 2310 adolebat.

106 2345 262 2426 Eumolpus
282 2352 379 2407 autem
401 2346 470 2406 dum
491 2344 671 2425 epigramma
692 2351 810 2406 mortuo
830 2343 912 2420 facit,
934 2347 1037 2410 oculos
1055 2347 1090 2408 ad
1107 2365 1204 2410 arces·

106 2445 207 2506 sendos
223 2463 331 2507 sensus
346 2443 462 2523 longius
477 2443 567 2505 mittit

637 2539 658 2579 11

67 2619 91 2668 lo
182 2617 242 2677 hoc
259 2623 378 2696 peracto
398 2615 522 2676 libenter
541 2614 638 2678 officio
660 2613 835 2676 destinatum
853 2613 1001 2694 carpimus
1014 2613 1069 2676 iter
1088 2632 1122 2676 ac
1136 2631 1203 2675 mo·
1215 2616 1275 2678 116

104 2724 196 2776 mento
220 2714 365 2794 temporis
385 2713 415 2775 in
435 2719 564 2774 montem
585 2713 725 2774 sudantes
740 2712 982 2787 conscendimus,
1002 2731 1036 2774 ex
1052 2730 1111 2792 quo
1126 2713 1204 2774 baud

103 2814 200 2891 procul
215 2813 388 2893 impositum
405 2812 465 2875 arci
479 2811 597 2874 sublimi
613 2811 757 2892 oppidum
772 2810 928 2874 ceruimus.
958 2829 1014 2874 nec
1025 2811 1106 2891 quod
1117 2818 1205 2885 esset,

169 3039 289 3100 iperius
311 3051 400 3101 mergo
418 3043 440 3098 t,
462 3041 546 3100 reptas
568 3033 695 3085 Bosobicae
837 3036 852 3084 8
872 3032 979 3086 redduco
1003 3029 1145 3100 patriinonii
1168 3036 1206 3086 sui

104 3103 126 3154 L
269 3108 361 3156 5fixit
385 3105 554 3173 Oeucringice
697 3106 1043 3157 adambulantem-10
1070 3117 1107 3157 est
1132 3106 1207 3157 hebet

98 3177 249 3244 florilegium
267 3177 418 3228 Parisinum
534 3178 704 3227 teoluencem
715 3175 874 3242 floailegiccm
989 3180 1118 3260 penatium
1129 3177 1206 3246 flori-

100 3247 195 3330 legium,
216 3248 403 3300 Memmiancce:
420 3257 539 3314 penatum
555 3248 614 3311 Lpt
744 3249 842 3312 sepelit]
862 3249 972 3313 coeperit
988 3249 1017 3300 icc
1036 3249 1207 3314 chirographo

100 3309 257 3371 ‘meminerat
279 3315 400 3371 lectitoce’
430 3321 585 3385 coniecitque
612 3321 723 3384 cooperit
746 3320 841 3369 Dorcea
986 3323 1001 3369 9
1026 3321 1206 3384 estrangulauit

103 3388 270 3442 Memmianue
385 3394 503 3456 fragilitas
515 3389 673 3458 floau'lcgc'om
801 3393 832 3440 10
852 3398 889 3440 est
907 3407 955 3443 oon.
973 3390 998 3439 L
1123 3391 1204 3440 obruti

103 3459 270 3514 Memmiwnccc
288 3463 358 3516 unde
376 3465 468 3514 obrutis
486 3463 590 3529 aliquio,
608 3479 661 3512 noce
679 3463 775 3512 Dorcea
881 3462 1003 3525 contingit
1017 3459 1204 3511 Goldostiano:

104 3537 200 3600 contigit
218 3533 286 3588 libri.
323 3537 450 3599 continget
440 3533 594 3586 tBartbiua
723 3535 753 3582 11
773 3533 836 3581 nihil
853 3533 1036 3583 interest-13
1056 3541 1113 3582 sunt
1131 3531 1207 3582 babet

97 3602 249 3689 florilegium
261 3605 413 3657 Parisinum
518 3609 580 3658 ratio
599 3621 663 3670 quee
680 3604 789 3656 innectit
798 3603 964 3671 florilegium.
1001 3606 1030 3652 ιΤ)
1049 3611 1073 3654 et
1090 3602 1119 3654 in
1136 3620 1205 3654 mor·

102 3675 154 3736 picco
171 3679 236 3728 renio
255 3676 288 3741 L,
308 3680 375 3728 nolio
393 3685 510 3745 margot
582 3681 613 3728 12
633 3684 699 3728 terra
714 3674 829 3728 01111111.
858 3674 974 3739 fortusse
992 3691 1054 3726 eure
1072 3691 1206 3740 comparo-

104 3746 131 3794 liu
146 3748 337 3800 maracleae·
330 3751 394 3814 agnis
413 3767 445 3800 an
463 3765 535 3800 umor
553 3765 586 3800 on
604 3765 665 3799 auro
788 3751 818 3796 16
838 3747 869 3797 de
887 3746 981 3811 scripsi
999 3763 1056 3797 cum
1074 3745 1207 3799 Ioeodcio:

104 3818 189 3871 elthei
268 3819 434 3886 ‹adfingebacct
451 3823 549 3885 quando
569 3822 644 3871 eciam
662 3822 696 3870 ite
714 3821 745 3870 de
763 3819 845 3868 inuitis
865 3819 916 3868 saca
934 3827 1053 3871 statuent.
1089 3818 1151 3872 acide
1170 3817 1207 3868 ed

101 3902 126 3948 p
139 3893 253 3954 11111.
285 3892 605 3957 quottuoroeteeiecoeicc
622 3889 1016 3955 uersupaga'noncfiaientelr,
1037 3890 1207 3954 1111111101

101 3960 210 4018 Plaudet
324 3966 356 4014 18
374 3964 504 4030 legebatur
522 3964 614 4028 opinor
632 3970 657 4014 et
674 3964 759 4013 oculos
779 3977 846 4026 quae
860 3961 997 4025 particulo
1016 3977 1073 4012 cum
1086 3970 1206 4026 proeter-

104 4030 206 4086 eniteret
223 4033 349 4100 apoduein
366 4035 490 4086 libror-iace
503 4035 587 4100 periit
694 4036 725 4083 19
746 4041 797 4084 trec
815 4032 950 4085 mauriscos
967 4031 1062 4083 babent
1077 4034 1121 4098 Le,
1141 4033 1207 4084 dacor

102 4113 132 4161 p,
145 4113 282 4167 praeterea
306 4105 332 4156 L
355 4121 459 4158 nereum
481 4123 601 4159 uacuum.
635 4097 717 4154 ‘decet
738 4104 834 4156 1111111
851 4099 1067 4190 1113111111911

107 4172 136 4218 22
154 4180 293 4242 expositum
311 4176 482 4229 Memmionue
597 4178 690 4226 accit.-
708 4191 764 4224 eree
784 4176 836 4239 Lp.
872 4178 1015 4242 impositam
1033 4190 1117 4226 arcem
1134 4174 1208 4223 subli-

106 4255 167 4296 mem
183 4251 275 4314 oppido
295 4247 411 4314 elopem
518 4251 577 4315 qnid
594 4248 655 4300 libri
673 4244 743 4311 quod
762 4247 864 4300 correxi

959 4330 1009 4381 10*
