3022 4956
303 441 344 504 90
780 433 937 490 rureomr

304 593 434 658 solebam
449 590 583 654 edilium
598 590 706 664 metiri,
722 597 751 652 et
764 598 798 652 ut
812 575 935 656 celerius
950 599 1081 655 roslrrrm
1097 592 1254 656 barbatum
1264 595 1404 670 haberem,
1420 603 1438 653 u

303 693 383 756 labra
397 691 434 754 de
449 691 567 754 lucerna
579 689 732 770 ungebam.
755 695 853 752 111111
865 692 900 752 ad
914 692 1031 756 delicias
1042 693 1150 755 femina
1163 694 1262 774 ipsimi
1278 695 1404 773 [domini]

304 811 400 856 annus
417 789 648 871 quattuordecim
662 788 714 850 lui.
744 807 800 851 nec
814 797 901 870 turpe
915 798 974 864 est,
992 791 1070 870 quod
1086 790 1225 853 dominus
1240 792 1328 854 iubet.
1357 812 1405 872 ego

304 900 402 955 111111
416 897 446 952 11
460 889 582 969 ipsimae
596 887 750 966 [dominae]
768 888 839 950 satis
853 889 1005 950 faciebam.
1036 888 1130 962 scitis,
1150 890 1221 969 quid
1237 890 1346 953 dicam:
1365 899 1406 952 ta-
1505 965 1506 970 γ

249 999 289 1060 76
306 1009 367 1064 ceo,
381 987 448 1070 quia
462 1005 525 1049 non
540 1005 607 1050 sum
622 985 658 1046 de
672 986 818 1065 gloriosis.
845 993 984 1063 ceterum,
1000 989 1251 1066 quemadmodum
1264 990 1293 1050 di
1304 989 1434 1064 solunte
1505 973 1506 980 ἵ

305 1088 443 1150 dominus
463 1087 493 1147 in
513 1085 603 1146 domo
618 1085 801 1159 lestussum,
817 1092 847 1146 et
860 1103 926 1146 ecce
941 1083 1005 1163 cepi
1020 1085 1119 1166 ipsimi
1136 1087 1320 1150 cerebellum.
1344 1088 1406 1168 quid

305 1183 417 1250 mulla?
438 1184 613 1246 coheredem
629 1202 676 1244 me
688 1182 803 1244 Caesari
816 1181 899 1258 iecit,
920 1189 950 1243 et
963 1183 1062 1264 accepi
1077 1185 1290 1264 patrimonium
1304 1186 1408 1248 laticla-

305 1285 393 1348 rium.
424 1283 535 1344 nemini
549 1289 647 1344 tamen
661 1280 735 1343 nibil
749 1281 821 1342 satis
836 1288 890 1342 est.
920 1281 1073 1362 concupivi
1085 1283 1237 1362 negotiari.
1264 1303 1303 1346 ne
1315 1286 1407 1347 multis
1506 1265 1507 1334 7

305 1402 359 1445 vos
374 1399 483 1453 morer,
499 1380 628 1460 quinque
642 1397 730 1442 nares
745 1379 902 1451 aedificavi,
920 1381 1038 1444 oneravi
1054 1382 1154 1443 vinum
1169 1417 1212 1426 -
1227 1387 1256 1442 et
1271 1389 1343 1444 tunc
1356 1389 1410 1443 erat
1506 1399 1507 1404 ¹

306 1487 406 1544 contra
428 1497 531 1541 aurum
550 1515 593 1524 —
612 1479 679 1541 misi
698 1479 833 1540 Romam.
863 1486 980 1558 putares
1001 1498 1049 1540 me
1068 1479 1127 1540 boe
1146 1479 1285 1540 iussisse:
1314 1497 1409 1541 omnes
1424 1489 1447 1540 10

305 1598 392 1642 naues
407 1578 630 1656 naufragarnnt,
645 1578 764 1651 lactum,
779 1595 840 1639 non
855 1577 962 1639 fabula.
991 1595 1052 1639 uno
1068 1577 1114 1638 die
1129 1578 1287 1659 Neptunus
1302 1587 1409 1640 trecen·

304 1679 359 1740 ties
381 1677 547 1740 sestertium
570 1676 727 1738 devorarit.
761 1676 871 1756 putatis
891 1696 939 1738 me
959 1673 1121 1738 deiecisse?
1149 1693 1211 1737 non
1231 1677 1408 1738 mehercules
1507 1701 1508 1748 l

305 1777 347 1839 mi
361 1778 435 1839 baec
448 1777 558 1838 iactura
573 1775 650 1855 gusti
665 1775 734 1850 fuit,
755 1781 894 1854 tanquam
910 1773 982 1836 nibil
996 1775 1073 1856 iacti.
1103 1773 1210 1836 alteras
1220 1775 1277 1836 feci
1290 1775 1408 1836 maiores
1507 1801 1508 1828 2

306 1885 336 1940 11
355 1876 492 1938 meliores
513 1881 543 1935 ct
560 1874 719 1945 feliciores,
740 1880 773 1934 ut
792 1891 880 1934 nemo
901 1889 963 1933 non
984 1892 1031 1935 me
1052 1873 1145 1934 virum
1166 1873 1275 1934 lorum
1298 1873 1409 1934 diceret.

307 1975 397 2049 scitis,
414 1991 519 2052 magna
533 1970 614 2031 navis
630 1989 766 2050 magnam
782 1969 985 2032 fonimdinem
1000 1971 1099 2033 babet.
1122 1971 1241 2033 onerari
1252 1991 1360 2034 rursus
1369 1972 1409 2033 ri·
1424 1983 1447 2034 15

306 2093 388 2148 num,
404 2072 528 2142 lardum,
541 2069 649 2143 fabam,
667 2069 833 2150 seplasium,
848 2068 1001 2149 mancipia.
1032 2069 1168 2132 hocloco
1180 2071 1344 2134 Fortunata
1355 2089 1411 2132 rem

306 2175 385 2253 piam
400 2170 483 2245 lecit3
502 2186 592 2230 omne
607 2169 685 2230 enim
701 2187 805 2230 aurum
821 2186 923 2242 suum,
940 2168 1039 2229 omnia
1054 2168 1228 2231 vestimenta
1242 2170 1374 2232 vendidit
1387 2175 1412 2231 et
1508 2235 1509 2244 ¹

307 2270 348 2330 mi
364 2273 482 2329 centum
498 2285 603 2330 aureos
618 2267 648 2329 in
663 2287 752 2330 mauu
767 2266 875 2347 posuit
905 2267 1029 2330 bocfuit
1039 2267 1144 2347 peculii
1156 2268 1212 2329 mci
1224 2267 1410 2329 fermentum.

308 2367 364 2430 cito
381 2367 422 2441 fit,
439 2367 518 2446 quod
534 2367 563 2428 di
579 2365 688 2428 volunt.
718 2384 779 2428 uno
797 2385 885 2428 cursu
897 2367 1006 2437 centies
1018 2365 1185 2428 sestertium
1199 2365 1411 2429 corrotundari.

307 2465 406 2530 statim
421 2465 532 2528 redemi
546 2465 655 2526 fundos
665 2477 785 2537 omnes,
800 2462 848 2543 qui
863 2465 980 2543 patroni
995 2465 1053 2526 mei
1066 2465 1191 2528 fuerant.
1222 2466 1345 2527 aedifico
1361 2466 1412 2526 do·
1426 2479 1450 2530 11

306 2585 403 2639 mum,
422 2564 632 2636 ...venalicia‚
649 2581 754 2624 coemo
770 2562 916 2638 iumenta;
931 2564 1070 2645 quicquid
1085 2550 1250 2644 tangebam,
1267 2564 1413 2627 crescebat

306 2674 445 2747 tanquam
460 2665 553 2726 larus.
584 2669 743 2745 postquam
759 2660 843 2741 coepi
858 2661 924 2740 plus
939 2663 1055 2738 babere,
1070 2682 1158 2744 qnam
1172 2670 1235 2725 tota
1248 2663 1412 2742 patriamea
1509 2709 1510 2722 .

306 2764 402 2839 babet,
417 2781 538 2825 manum
554 2763 590 2824 de
605 2760 714 2823 tabula:
727 2758 833 2821 sustuli
847 2778 896 2820 ms
912 2759 947 2820 de
962 2760 1160 2839 negotiatione
1174 2769 1205 2824 et
1218 2760 1303 2842 coepi
1313 2780 1372 2843 per
1381 2760 1412 2822 li·

381 3027 394 3074 1
415 3026 498 3074 metiri
515 3022 673 3088 8111111111.Ι
696 3040 736 3074 me
756 3025 794 3074 uri
812 3023 846 3075 H
984 3027 999 3073 2
1019 3025 1112 3076 lemine
1129 3040 1222 3076 uereor
1239 3043 1272 3077 ue
1290 3027 1414 3091 interpres

307 3095 359 3148 idn
378 3097 410 3146 ed
429 3097 529 3146 delicies
547 3095 724 3160 adscripserit.
761 3097 881 3146 femineas
899 3095 1025 3146 Heinsius
1113 3099 1161 3161 ipsi
1179 3100 1214 3147 mi
1227 3098 1261 3148 H
1273 3114 1341 3163 quoe
1360 3115 1414 3150 cert·

306 3167 383 3219 iunci
401 3167 434 3232 es.
448 3166 523 3230 adp.
538 3170 579 3227 14,
595 3170 636 3216 20.
666 3168 758 3217 domini
778 3166 932 3218 additiciurn
945 3175 982 3216 est
1088 3171 1305 3233 equetuordecim
1317 3169 1353 3219 H

307 3234 478 3308 tipum-{leo
496 3237 532 3289 H.
560 3239 676 3287 dominae
694 3254 787 3289 rursus
805 3238 837 3288 ab
855 3240 993 3304 interprete
1006 3239 1152 3304 praefectum
1244 3243 1317 3307 dipsi
1330 3243 1366 3292 mi
1381 3239 1414 3292 H.

307 3312 403 3364 mirum
417 3311 535 3377 profecto
554 3308 624 3376 quod
641 3325 714 3359 nemo
732 3309 863 3362 danicum
881 3310 1001 3361 denotari
1018 3311 1088 3363 uidit
1195 3318 1208 3362 7
1229 3315 1315 3378 accepi
1325 3311 1414 3377 81111-

306 3385 394 3443 ferus:
412 3386 510 3449 aceepit
521 3382 555 3434 H
575 3397 593 3432 a
634 3385 648 3432 9
662 3382 756 3445 uinum,
768 3399 820 3433 nara
832 3384 930 3432 niueam
943 3382 978 3432 H
1062 3386 1094 3432 10
1107 3398 1168 3432 euro
1181 3381 1326 3450 Schepiesus

309 3462 339 3508 11
360 3466 489 3523 neptuuno
508 3454 543 3508 H
555 3453 624 3522 qued
642 3453 726 3506 nescio
745 3471 781 3504 aa
799 3454 934 3520 culparem
951 3454 1061 3504 nmninir
1072 3455 1190 3521 sermome
1209 3457 1326 3519 Neptuno
1344 3471 1413 3506 men·

306 3537 375 3583 stret.
412 3529 502 3579 saltem
519 3529 616 3579 Incubo
635 3534 659 3577 et
675 3527 784 3576 incubus
804 3525 938 3576 dicebatur
955 3526 998 3576 uel
1014 3527 1114 3576 Telesia
1134 3534 1159 3576 et
1174 3528 1289 3577 Telesino

310 3604 341 3650 12
361 3602 511 3651 sextercium
529 3599 563 3649 H
703 3601 734 3647 13
759 3599 818 3648 facti
842 3598 880 3647 ite
905 3606 936 3648 ut
956 3597 985 3647 in
1001 3598 1058 3662 fine
1082 3613 1171 3650 rasum
1197 3597 1301 3664 aliquid
1323 3598 1358 3648 ait
1380 3597 1414 3649 H.

308 3672 402 3720 fectum
421 3669 567 3735 Sobefferus
585 3677 683 3735 etpost
696 3670 746 3721 fuit
758 3669 836 3733 plene
854 3669 1039 3734 interpmupens
1056 3668 1183 3777 Iulsniusi
1298 3673 1329 3719 15
1350 3670 1415 3720 scitis

308 3793 415 3857 scripsi:
434 3794 482 3842 scis
504 3792 539 3842 H
633 3795 664 3843 18
679 3795 768 3858 potius
785 3795 854 3844 mihi.
884 3793 999 3860 fortasse
1017 3794 1046 3844 in
1064 3793 1150 3844 codice
1168 3811 1193 3844 m
1212 3795 1370 3846 scribebatur
1388 3800 1416 3844 ut

308 3864 452 3929 ubicunque
465 3863 603 3930 1111111111,
617 3865 801 3916 restituendum
813 3867 875 3915 mibi
887 3866 921 3915 sit
1011 3869 1042 3916 19
1056 3867 1083 3916 fit
1094 3863 1254 3931 Sebeffemas:
1273 3869 1305 3917 iio
1317 3866 1351 3916 H

309 3972 342 4021 dii
356 3968 390 4020 H
402 3967 448 4020 aed
459 3969 594 4020 Burrieno
613 3978 672 4020 teste
690 3973 714 4020 di
730 3988 810 4022 manu
823 3972 914 4036 prima
1003 3973 1152 4022 sextertium
1165 3971 1199 4021 H
1284 3975 1317 4022 20
1335 3939 1414 4038 alpe·

308 4043 416 4092 trimcnii
427 4057 517 4107 marpo
526 4038 560 4090 H
643 4045 675 4091 21
692 4045 1138 4110 11111ὶοί11111111111111911911.
1163 4043 1251 4109 itaque
1264 4052 1312 4094 aut
1321 4046 1414 4095 iumen-

308 4122 383 4178 taque
406 4112 568 4163 scribendum
591 4120 637 4161 aut
658 4112 765 4164 uerbum
786 4115 857 4166 uelut
877 4131 940 4180 pero
963 4112 1123 4166 intercidisse
1144 4115 1310 4166 etameadum

309 4189 342 4236 23
362 4200 403 4235 me
414 4184 444 4235 in
455 4186 531 4234 immo
543 4181 660 4233 11111111
676 4192 723 4234 aut
734 4188 820 4236 sustuli
832 4201 873 4236 me
885 4189 916 4237 de
928 4188 1096 4252 negotiatione
1109 4186 1210 4237 tedebat
1220 4187 1344 4238 Heinsius

308 4257 480 4330 negociatione
498 4254 532 4306 H
634 4256 704 4320 coegi
720 4253 872 4322 Sebefferus.
891 4272 936 4326 191
954 4274 999 4326 per
1016 4257 1112 4310 addidi
1130 4274 1187 4312 cum
1204 4258 1313 4312 Heinsio
