3008 4962
577 444 718 496 sabinen
1161 446 1199 507 13

62 597 257 677 epartiamur
275 615 308 659 ao
330 605 531 678 paupertatem
552 606 685 661 nostram
705 598 824 680 privatis
840 597 1008 678 quaestibus
1023 604 1200 680 temptemus

91 696 244 776 expellere.
275 702 303 757 et
317 702 349 758 tu
362 697 462 759 literas
478 699 536 760 scis
553 706 659 777 elego.
686 714 723 758 ne
735 697 903 777 quaestibus
913 697 973 759 tuis
985 697 1109 772 obstem,
1124 697 1201 760 aliud

92 793 199 871 aliquid
218 795 404 872 promittam;
425 795 532 876 alioqui
552 795 629 856 mille
648 813 767 856 caussae
787 789 992 875 quotidianos
1016 795 1153 857 collident
1173 801 1201 857 et

91 907 143 969 per
162 897 259 952 totam
277 894 383 955 urbem
403 894 575 956 rumoribus
597 885 751 955 different'.
782 911 843 955 non
863 893 1005 955 recusavit
1019 894 1153 974 Ascyltos
1173 901 1202 955 et

64 980 204 1056 5‘hodie'
221 990 318 1071 inquit
329 983 408 1072 tquia
423 998 561 1073 tanquam
578 990 743 1052 scholastici
760 993 796 1053 ad
809 1011 908 1055 cenam
922 992 1124 1073 promisimus,
1140 1009 1201 1053 non

92 1089 252 1166 perdamus
267 1097 393 1151 noctem.
418 1109 481 1152 oras
496 1097 603 1163 autem,
620 1089 687 1169 quia
702 1091 760 1151 hoo
773 1090 851 1165 libet,
867 1098 896 1152 et
909 1090 1116 1153 habitationem
1129 1090 1202 1151 milri

93 1187 275 1267 prospiciam
296 1195 326 1249 et
345 1188 432 1250 alium
451 1179 592 1251 fratrem'.
620 1179 752 1250 ‘tardum
772 1179 829 1248 est'
844 1188 962 1268 inquam
974 1179 1106 1251 ‘differre
1122 1189 1201 1268 quod

93 1276 196 1364 placet'

644 1371 664 1413 ae
681 1406 684 1412 .

175 1441 255 1504 hanc
274 1449 333 1503 tam
354 1443 541 1523 praeeipitem
563 1440 734 1504 divisionem
755 1439 844 1502 libido
860 1440 996 1517 faciebat3
1016 1443 1200 1506 iamdudum

55 1551 81 1602 10
97 1539 171 1600 enim
187 1540 305 1601 amoliri
321 1539 472 1619 cupiebam
489 1541 641 1602 custodem
656 1539 823 1612 molestum,
838 1546 872 1600 ut
882 1547 1005 1601 voterem
1019 1559 1085 1602 oum
1098 1541 1203 1604 Gitone

94 1657 158 1698 meo
174 1637 319 1699 rationem
335 1638 505 1700 reducerem
641 1719 663 1764 *ἶ

177 1800 339 1873 postquam
353 1793 471 1856 lustravi
487 1793 578 1855 oculis
593 1801 685 1854 totam
701 1791 812 1869 urbem,
828 1792 859 1853 in
871 1791 1001 1854 cellulam
1013 1791 1095 1866 redii,
1112 1810 1201 1855 oscu·
1219 1791 1256 1850 11

96 1891 186 1972 lisque
204 1893 325 1955 tandem
344 1893 422 1954 bona
442 1891 499 1952 fide
517 1892 624 1953 exactis
639 1892 723 1970 alligo
739 1890 896 1952 artissimis
912 1889 1113 1970 complexibus
1128 1910 1202 1970 pue·

98 2008 160 2051 rum
177 1993 323 2071 fruorque
343 1991 418 2052 votis
438 2007 532 2069 usque
552 1988 587 2050 ad
607 1989 745 2050 invidiam
765 1989 905 2051 felicibus.
943 2008 999 2052 nec
1021 1990 1117 2051 adhuc
1136 1988 1202 2069 qui-

58 2099 83 2148 15
100 2087 161 2150 dem
178 2089 280 2151 omnia
295 2096 377 2150 erant
390 2088 473 2161 lacta,
489 2105 555 2147 cum
567 2087 699 2166 Ascyltos
713 2088 813 2150 furtim
830 2108 862 2150 se
876 2089 989 2151 iuribus
1001 2088 1130 2152 admovit
1141 2087 1202 2150 dis·

100 2188 251 2268 cussisque
280 2187 441 2248 fortissime
467 2185 600 2248 claustris
625 2186 738 2249 invenit
763 2207 811 2249 me
838 2189 1018 2250 cumfratre
1044 2189 1202 2250 ludentem.

99 2283 157 2346 risu
172 2286 271 2366 itaque
287 2286 449 2365 plausuque
464 2282 593 2344 cellulam
611 2283 753 2364 implevit,
770 2295 904 2365 opertum
921 2306 968 2348 me
983 2286 1107 2349 amiculo
1123 2285 1202 2347 evol-

100 2381 137 2442 ιιι
151 2390 180 2443 et
190 2376 274 2462 ‘quid
289 2374 407 2462 agebas'
421 2382 515 2462 inquit
525 2375 629 2444 ‘frater
641 2382 849 2446 sanctissime?
865 2384 955 2465 quid?
971 2383 1203 2447 vestioontuber-

100 2479 177 2541 nium
190 2473 302 2543 facisi'
332 2489 387 2542 nec
413 2498 445 2541 se
472 2480 568 2542 solum
595 2481 671 2543 intra
696 2482 781 2543 verba
801 2483 959 2560 continuit,
980 2482 1031 2544 sed
1050 2483 1147 2542 lorum
1168 2482 1203 2542 de

59 2589 86 2638 ao
102 2597 167 2656 pera
182 2579 272 2641 solvit
287 2586 316 2640 et
329 2598 378 2640 me
394 2579 489 2658 eoepit
503 2597 565 2640 non
580 2580 776 2660 perfunctorie
791 2580 959 2655 verberare,
981 2579 1100 2642 adiectis
1116 2578 1203 2641 etiam

101 2676 294 2752 petulantibus
310 2676 408 2738 dictis:
421 2669 481 2738 ‘sio
495 2677 621 2739 dividere
637 2697 703 2740 cum
718 2678 809 2740 lratre
822 2669 928 2740 nolito'

641 2810 662 2851 ιι-

180 2912 370 2976 veniebamus
390 2913 419 2974 in
441 2913 539 2974 forum
566 2913 718 2975 deficiente
742 2914 801 2976 iam
821 2914 882 2990 die,
903 2914 935 2977 in
956 2934 1014 2995 quo
1034 2916 1202 2979 notavimus
1221 2916 1259 2980 12

125 3049 308 3058 ·--—-.-.-
325 3048 398 3057 --—·

170 3123 182 3168 1
203 3121 388 3184 quaestionibus
408 3135 464 3168 eum
482 3117 680 3182 Memmium,
703 3133 756 3169 nen
778 3118 806 3172 Τ.
840 3128 956 3185 quaestus
979 3125 1116 3174 rationibus
1133 3140 1203 3191 susp.

105 3186 223 3241 Heinsius
332 3195 550 3254 2temptemusp,
564 3191 737 3241 tentemusL:
750 3200 893 3242 conemnrt
985 3196 1205 3259 aliquiduliudin-

104 3267 242 3327 uertuntpt
367 3263 508 3325 dolioquin
527 3262 552 3311 L
673 3277 719 3311 nos
738 3265 846 3326 quotidie
865 3267 1038 3315 transmutent
1052 3274 1087 3332 pt

106 3332 247 3384 ldifferent
264 3349 298 3398 p,
320 3349 410 3397 merqo
434 3333 471 3381 L:
494 3334 605 3382 deferent
629 3332 665 3382 Lt
779 3334 896 3399 fortusse
918 3344 956 3385 set
980 3337 1043 3390 euni.
1069 3353 1089 3390 e.
1106 3340 1140 3386 79
1165 3338 1204 3388 nl-

105 3400 158 3450 timo
285 3408 298 3454 6
318 3406 470 3454 habitionem
488 3403 661 3454 Menernianns
788 3410 801 3453 7
822 3407 896 3455 ulium
920 3406 1026 3471 ser-ipsi:
1049 3409 1156 3471 aliquem
1174 3408 1204 3458 li-

106 3469 141 3521 ὁπ’
245 3477 343 3524 turdum
361 3483 398 3524 est
417 3476 501 3524 differe
520 3477 586 3536 quod
605 3477 682 3525 hebes
700 3475 821 3540 lepitur
810 3493 839 3525 en
829 3476 980 3560 florileqio
991 3477 1115 3529 Parisino

106 3544 230 3611 8plaeet]
253 3537 297 3596 ‘A
318 3563 340 3596 o.
359 3560 399 3596 en.
417 3547 496 3595 hebes
514 3562 567 3610 pro
586 3539 654 3596 aues’
676 3538 836 3610 Pithoeuo‚‘
840 3555 889 3600 eet.
874 3548 1002 3603 tLoiael.
1021 3543 1112 3600 habes’
1133 3549 1204 3602 Bon·

103 3615 200 3676 persius
325 3617 460 3667 atterimus
484 3625 521 3666 eet
543 3618 571 3667 iri
593 3617 680 3681 libris,
705 3633 803 3668 nnsvur
820 3635 909 3686 merqo
928 3621 953 3669 L
1080 3623 1094 3671 9
1116 3623 1205 3672 iundu·

106 3686 159 3734 dum
176 3688 200 3736 L
329 3691 360 3738 10
384 3690 514 3754 cupiebam
534 3691 629 3738 emoliri
650 3689 784 3739 inueniunt
800 3698 834 3754 pt
946 3691 1055 3742 Gnitone
1073 3693 1098 3742 L

108 3756 135 3804 11
154 3761 313 3810 reducerem
312 3760 426 3824 scripse:
450 3761 598 3810 deducerem
616 3762 648 3822 L,
674 3762 862 3827 diducerempt
968 3763 1105 3815 asteriacus
1123 3765 1187 3816 eat
1176 3782 1206 3818 an

107 3825 180 3913 libris,
198 3847 297 3881 nnsvnr
315 3847 403 3897 merpo
422 3832 447 3880 L
556 3835 588 3880 14
607 3833 766 3881 sernentibus
803 3835 972 3897 frequentibus
990 3844 1107 3902 merqot

109 3901 135 3946 ll
152 3892 314 3965 ‘plorans-ium
332 3901 359 3955 S.
373 3903 497 3969 Dionysii
515 3896 634 3966 opertum'
656 3903 755 3952 Daniel
772 3904 818 3968 qni
836 3913 947 3968 opertam
966 3906 994 3956 in
1012 3905 1126 3957 lemmate
1142 3908 1205 3959 aeri-

103 3969 154 4029 poit
260 3976 291 4023 18
311 3975 432 4023 uesticont
433 3976 615 4039 ιιιιιιιιὶιιιιιρι,
633 3990 723 4059 usurpo
737 3975 762 4023 L
780 3992 798 4024 o
815 3977 953 4027 recentiore
970 3993 1063 4028 manu:
1081 3981 1205 4030 uerticon-

108 4041 240 4093 tubemium
258 4035 313 4108 L,‘
318 4053 415 4098 uetus.
421 4046 442 4097 i.
460 4039 721 4096 vertieontubemium'
743 4045 872 4097 Pithoeus.
893 4041 957 4114 ‘depe
970 4050 1062 4100 Vestae
1075 4053 1205 4100 contuber-

108 4111 170 4160 nium
188 4131 244 4165 curn
261 4081 370 4180 Ριιήοιιῗ,
388 4114 522 4180 Smnbnei,
541 4116 655 4168 Memmii
672 4116 782 4182 aliisque
800 4119 900 4184 optimis
919 4114 1057 4170 eodieidua‘
1078 4120 1206 4172 Bosehina

110 4193 190 4245 aperte
200 4185 288 4250 fobea
406 4191 438 4237 21
458 4189 540 4238 uerbis
558 4188 583 4238 L
709 4187 774 4240 duos
806 4198 907 4256 tresque
934 4191 1068 4244 mteriacoo
1093 4192 1205 4255 interpo-

110 4263 169 4305 nunt
184 4257 250 4324 libri,
268 4275 367 4312 nusvnr
383 4275 473 4327 usurpo
491 4259 516 4309 L
