3008 4962
254 482 295 546 52
726 477 882 532 Puruorut

254 634 361 698 occidit
374 634 411 696 de
421 633 538 696 lucerna
553 633 674 714 equites,
690 641 807 714 putares
823 651 875 694 sos
891 631 983 712 gallos
999 631 1187 712 gallinaceam
1203 633 1276 696 alter
1290 633 1370 696 bur·
1389 643 1413 693 ιι

254 733 390 810 dubasta,
411 733 483 796 alter
496 731 621 812 loripes,
637 731 783 794 tertiarius
799 737 936 792 mortuus
952 749 1007 810 pro
1022 738 1157 805 mortuo,
1174 730 1223 810 qui
1237 730 1372 793 hahebat

254 833 352 895 nervia
373 831 513 912 praecisa.
543 847 620 892 unus
642 829 763 893 alieuius
784 830 903 892 daturae
922 827 978 890 luit
992 830 1120 905 Thraex,
1137 829 1185 910 qui
1202 829 1310 908 etipse
1327 831 1371 891 ad

254 931 358 995 dictata
378 929 525 1012 pugnauit
555 929 590 990 ad
609 947 771 1004 summam,
792 946 896 990 ornnes
916 934 1019 1008 postea
1040 927 1111 990 secti
1132 935 1215 1002 sunt3
1235 927 1307 988 adeo
1329 929 1373 988 de

252 1049 357 1112 magna
372 1029 457 1092 turba
468 1018 639 1090 “adhibete'’
651 1035 831 1108 acceperant,
847 1027 931 1107 plane
942 1026 1027 1106 fugae
1038 1045 1146 1088 merae.
1165 1016 1302 1088 “munus
1313 1034 1371 1088 ta-
1392 1040 1408 1089 5

253 1121 342 1192 men’'
357 1127 450 1208 inquit
461 1117 537 1187 “tibi
553 1115 649 1200 dedi’',
665 1133 693 1187 et
708 1145 761 1206 ego
777 1125 830 1188 tibi
846 1125 945 1205 plodo.
976 1133 1124 1205 computa,
1140 1124 1230 1186 ettibi
1240 1125 1309 1206 plus
1325 1125 1372 1186 do

164 1289 172 1300 ,
196 1227 237 1290 m
252 1247 340 1308 quam
352 1225 458 1305 accepi.
471 1241 576 1286 manus
588 1242 709 1286 manum
719 1225 802 1287 lavat.
818 1223 924 1286 videris
935 1221 1017 1298 mihi,
1029 1222 1238 1302 Agamemnon,
1249 1223 1372 1284 dicere:

250 1318 343 1408 “quid
359 1326 415 1386 iste
429 1328 542 1402 argutat
553 1312 738 1384 molestus?''
762 1322 829 1402 quia
840 1331 881 1396 tu,
899 1321 947 1402 qui
960 1328 1045 1400 potes
1057 1321 1147 1402 loqui,
1159 1339 1220 1382 non
1230 1321 1372 1401 loquere.

253 1443 314 1487 non
337 1443 368 1484 es
387 1427 506 1484 nostrae
520 1419 638 1493 fasciae,
654 1427 683 1481 et
697 1420 763 1482 ideo
778 1438 977 1501 pauperorum
993 1420 1080 1482 verba
1096 1419 1218 1482 derides.
1247 1420 1369 1482 scimus

252 1528 281 1583 te
300 1539 370 1602 prae
388 1519 497 1582 litteras
516 1519 630 1580 fatuum
651 1538 725 1581 esse.
756 1519 825 1599 quid
840 1537 909 1598 ergo
926 1516 994 1580 est?
1023 1518 1117 1599 aliqua
1132 1518 1178 1580 die
1191 1526 1220 1579 te
1234 1537 1369 1598 persua·
1392 1534 1424 1584 ιι

254 1621 337 1682 deam
357 1626 391 1681 ut
413 1619 448 1695 ad
470 1618 565 1680 villam
586 1617 683 1679 venias
705 1623 735 1678 et
755 1617 852 1680 videas
876 1618 988 1680 casulas
1011 1615 1153 1679 nostras?
1178 1617 1371 1680 inveniemus

253 1719 332 1800 quod
349 1719 568 1790 manducemus,
582 1715 705 1795 pullum,
722 1733 788 1776 ova:
804 1716 950 1791 belisarii,
965 1716 1089 1779 etiamsi
1103 1716 1371 1778 omniabocanno

251 1825 412 1898 tempestas
442 1817 560 1896 dispare
580 1814 709 1896 pallavit:
729 1813 912 1876 inveniemus
933 1833 1003 1894 ergo
1029 1815 1108 1876 unde
1135 1815 1225 1876 saturi
1244 1815 1372 1880 fiamus.

251 1918 337 1980 ctiam
352 1917 405 1979 tibi
420 1914 580 1994 discipulus
596 1912 701 1976 crescit
716 1911 810 1974 cicaro
822 1931 916 1976 meus
945 1913 1004 1974 iam
1015 1921 1153 1994 quattuor
1167 1914 1258 1994 partis
1275 1914 1372 1991 dicit3

251 2015 276 2078 si
290 2015 401 2088 vixerit,
418 2012 537 2074 habebis
553 2013 589 2074 ad
604 2012 680 2075 lalus
697 2010 855 2072 servulum.
879 2029 947 2074 nam
964 2013 1100 2093 quicquid
1113 2013 1152 2074 illi
1164 2021 1253 2089 vacat,
1272 2023 1373 2094 caput
1393 2028 1425 2078 15

326 2227 338 2272 1
358 2223 447 2273 occidit
465 2229 490 2272 et
508 2219 663 2287 Sebefferue,
682 2221 775 2270 addidit
795 2229 841 2271 aut
858 2223 951 2272 exibuit
968 2221 1105 2274 Reineaiua
1218 2225 1247 2273 de
1267 2223 1372 2274 silicer-

250 2297 291 2344 nio
310 2295 403 2357 equites
422 2292 554 2344 Heinsius.
591 2308 635 2358 eqo
659 2291 804 2342 audabatas
828 2293 944 2360 iutelleqo
1069 2295 1220 2344 burdubasta
1238 2311 1255 2344 a
1275 2294 1371 2347 burdo

251 2374 275 2416 et
292 2365 362 2415 basto
338 2363 426 2430 t(as.
445 2364 552 2430 bastapa
569 2372 593 2413 et
610 2364 743 2430 basterna)
761 2364 996 2415 deuoruinatust
959 2373 996 2414 est
1006 2366 1089 2431 aequis
1101 2365 1185 2416 mulus
1199 2365 1372 2419 clitellarius.

245 2453 331 2503 paene
353 2453 444 2488 uerum
461 2436 531 2487 uidit
547 2435 672 2487 Heinsius
690 2451 747 2485 eum
765 2437 908 2486 burdibasta
926 2445 1131 2488 commemoraret
1142 2446 1250 2502 praeter
1267 2439 1372 2490 burdo-

250 2514 331 2574 bstta,
352 2500 438 2560 ‘bomo
462 2517 547 2558 sentus
571 2516 595 2558 et
585 2505 710 2557 tavidus
732 2506 796 2570 qua
794 2523 817 2556 ιι
840 2501 932 2557 batta’.
969 2510 1120 2558 burdobasta
1142 2508 1198 2558 siue
1216 2511 1371 2562 burdibasta

247 2582 364 2648 qibbosus
383 2591 506 2646 tanquam
524 2585 570 2648 ψιρ
571 2568 740 2641 cadurciam-ne
757 2577 896 2628 uidebatur
912 2577 1069 2644 Studerop.
1081 2584 1124 2630 14.
1161 2582 1291 2630 bnttubata
1303 2597 1370 2644 ιιιο

248 2655 325 2720 nupia
341 2652 494 2719 Sebefferus,
513 2651 686 2718 bardybadista
708 2649 846 2714 Trillerus,
865 2653 1015 2701 burdobatas
1032 2668 1086 2700 non
1085 2651 1231 2730 ιιιιιιιιιι
1221 2653 1370 2703 t-fortoba

248 2734 305 2775 stsx
329 2725 372 2774 uel
394 2727 561 2775 masturbatus
583 2722 668 2804 inepte
685 2720 820 2785 ΒιιιΙιιιιι,
846 2723 981 2772 brucabata
1004 2739 1022 2772 a
1040 2715 1098 2790 βρ”
1072 2740 1139 2781 ιυκις
1156 2721 1291 2773 Iacobsius
1306 2739 1370 2787 pro

249 2795 410 2846 claudicante
429 2803 453 2845 et
469 2793 608 2844 locustae
598 2808 723 2842 sucessum
741 2792 856 2842 imitante
963 2797 978 2842 2
998 2795 1123 2842 tereiarius
1142 2793 1177 2842 H
1285 2799 1370 2845 semi-

248 2873 359 2915 mortuus
380 2882 436 2915 cum
453 2864 556 2915 Nodcto
573 2863 707 2914 Iacobsius
849 2865 957 2914 habebat
974 2865 1080 2930 scripsi:
1102 2867 1178 2914 habet
1196 2864 1232 2918 H.
1269 2867 1370 2918 habuit

248 2935 393 3001 Sebefferus
513 2938 528 2984 3
548 2936 646 2985 neruias
664 2936 787 2999 praecisas
805 2950 875 3000 susp.
894 2933 1054 3001 Sebefferus:
1090 2935 1174 2986 Varro
1192 2944 1216 2986 et
1225 2936 1369 3002 feminino

248 3010 347 3058 neruiss
373 3015 397 3056 et
413 3014 503 3057 neutro
525 3007 611 3056 neruia
634 3005 663 3055 in
685 3013 778 3056 satura
801 3023 865 3056 usus
889 3015 947 3057 erat
1077 3009 1180 3058 flaturae
1203 3007 1371 3069 defendebat

251 3078 405 3143 Οιιιιιιιιιι.
419 3083 448 3128 6:
467 3085 575 3128 staturae
589 3075 759 3141 probabiliter
777 3075 922 3143 Scbcfferuo
1047 3081 1061 3127 5
1081 3079 1118 3128 sic
1137 3079 1260 3143 enpediui
1279 3081 1370 3132 adhe

248 3153 304 3202 bete
316 3150 474 3214 scripturam
486 3164 552 3214 quae
564 3148 593 3198 in
605 3148 639 3197 H
646 3156 688 3198 est
726 3156 779 3198 tarn
797 3149 885 3199 crebro
902 3166 998 3215 maqua
1016 3149 1093 3200 turba
1111 3150 1222 3200 lorarios
1240 3150 1286 3214 qui
1297 3167 1369 3202 are-

247 3239 309 3272 nam
327 3219 552 3272 circumstabant
541 3235 662 3306 ιιιιιιιιοι
665 3218 824 3285 gladiatores
841 3220 1003 3271 uerberando
1020 3221 1170 3286 urendoque
1187 3221 1223 3270 ad
1236 3237 1371 3286 pupnarn

248 3295 431 3362 emupulsaturi
426 3292 637 3343 'inclamauerat
654 3283 786 3342 ‘adhibete
762 3292 894 3358 ιιιιιιιιι
909 3287 1068 3358 ferrumue'.
1098 3293 1197 3344 dubites
1216 3300 1301 3342 tamen
1320 3311 1370 3347 aar

246 3370 338 3420 hausta
361 3365 581 3417 scribendumt
547 3364 581 3414 ιιι
602 3362 631 3413 ιιι
654 3361 722 3413 baua
745 3365 907 3414 senteutiam:
926 3379 1010 3430 ornnes
1028 3373 1090 3428 ιιοιι
1105 3381 1224 3430 punam
1240 3364 1371 3430 stapellis

248 3441 316 3490 caesi
332 3447 406 3503 sunt,
430 3437 579 3504 interfectus
603 3435 651 3485 nul
650 3435 705 3495 lun
728 3443 858 3500 maquat
848 3434 925 3484 turba
948 3435 1024 3484 etiam
1047 3451 1075 3486 eo
1094 3451 1235 3502 ιιιοιιιιιιι
1252 3444 1309 3486 erat
1331 3449 1372 3490 ut

246 3512 371 3562 salutaret
393 3476 461 3574 illos,
487 3527 540 3576 qna
563 3507 716 3558 salutatione
736 3506 843 3570 ιιιιιιαιιι
859 3506 1003 3556 missionem
1022 3505 1155 3572 designari
1173 3503 1316 3558 credibile
1310 3519 1370 3562 est.

245 3583 312 3632 nibil
324 3581 438 3647 profem
447 3581 572 3632 Heinsius
590 3581 728 3629 audabatas
746 3579 819 3642 pauci
837 3587 909 3628 erant
926 3585 973 3628 aut
993 3576 1138 3644 Sebefferus
1157 3595 1187 3628 ac
1204 3581 1295 3629 hebete
1312 3595 1370 3632 ac-

246 3661 371 3702 cesserant
388 3653 541 3717 suspicatus.
577 3652 655 3700 athlet
645 3657 685 3700 ιιι
701 3665 750 3712 pro
768 3651 888 3700 adbebete
907 3648 1037 3700 substituit
1052 3650 1189 3701 Beiuesius
1293 3648 1370 3714 for·-

246 3729 312 3772 tasse
330 3737 412 3786 nugae
541 3727 554 3773 l
575 3737 715 3786 agamenon
734 3719 768 3769 H
888 3722 903 3770 8
922 3722 989 3784 loqui
1007 3737 1058 3770 non
1076 3723 1176 3786 loquere
1195 3719 1370 3785 Sebefferus:

245 3795 345 3856 loquere
370 3808 420 3841 non
437 3794 504 3856 loqui
522 3792 558 3842 H.
595 3794 695 3856 loquere
713 3807 763 3841 non
781 3793 860 3855 loquis
879 3792 967 3842 ιιιιιιιι
977 3791 1069 3856 fauna
1086 3793 1262 3844 Burmannus.
1293 3792 1370 3858 for·-

246 3873 312 3914 tasse
330 3865 398 3926 loqui
417 3862 554 3914 delendum
663 3861 863 3927 bpsuberorum
881 3862 918 3912 H.
955 3861 988 3928 ef.
1006 3863 1140 3950 inscriptio
1158 3882 1183 3917 a.
1197 3881 1227 3929 ιι.
1243 3861 1288 3916 Ob.
1301 3867 1367 3919 341

245 3935 319 4000 apud
335 3934 486 3986 Heusenum
502 3926 594 3986 7355
598 3942 700 3984 amator
711 3949 890 3999 pauperorum
902 3931 976 3984 benet
998 3942 1023 3985 et
1036 3927 1109 3998 fecit
1124 3937 1238 3986 amatrice
1251 3952 1369 4001 paupe-

244 4001 342 4058 rorurn’
471 4010 502 4057 13
523 4009 618 4070 dispare
636 4007 738 4070 paliauit
749 4004 784 4054 H
796 4006 841 4056 ubi
859 4008 955 4071 dispare
973 4015 1098 4071 tanquam
1116 4006 1269 4058 aduerbium
1288 4014 1370 4063 tueri

243 4079 313 4129 licet:
292 4079 427 4142 tdispare
446 4079 549 4143 pullauit
565 4076 695 4141 ΙιιιιΙιιιιι,
714 4078 841 4141 dissipauit
859 4077 992 4143 Heinsius,
1011 4079 1141 4144 dispalauit
1160 4077 1270 4129 Orellius
1284 4096 1314 4144 ιι.
1331 4088 1366 4148 6,

242 4153 360 4217 dissipare
378 4152 475 4214 parauit
488 4148 630 4201 Patauina.
666 4149 748 4213 dispar
766 4148 830 4200 coni.
843 4148 972 4199 Antonius
1079 4151 1149 4214 ergo]
1163 4153 1231 4216 large
1243 4148 1367 4216 Sabeffe.

241 4241 288 4276 rus
411 4224 444 4271 14
462 4223 544 4290 cicaro
561 4237 615 4271 uon
631 4226 698 4271 recte
710 4235 763 4284 ιιι
777 4218 899 4270 Cicerone
916 4218 1026 4272 babebat
1042 4221 1168 4274 Heinsius
1294 4239 1366 4287 qua-

241 4304 298 4347 tuor
315 4293 350 4348 H
450 4295 527 4360 partis
544 4290 702 4358 Sebefferus:
725 4291 790 4356 parti
807 4289 843 4341 H
