3008 4962
1139 505 1198 574 πνοι
1279 495 1281 502 ’

77 650 107 702 et
118 640 233 721 reliqui
238 639 347 703 Mureti
355 659 466 705 οονοπο.
492 643 686 724 miseriptum
694 663 724 726 p.
733 641 803 705 232
814 661 916 706 versus
929 651 1044 706 centum
1056 643 1199 706 xxlnlr.

76 749 190 810 Mureti
204 749 279 811 liber
292 749 395 829 virgilii
409 752 492 830 pueri
508 751 632 832 explicit.

170 879 202 939 p.
212 857 282 918 233
293 859 444 921 Claudiani
458 868 561 940 poetae
577 861 612 922 de
625 861 748 941 phenice
764 879 881 923 carmen
895 861 996 942 incipit
1007 863 1082 941 quod
1100 863 1201 923 decinit

79 971 115 1028 in
130 968 263 1029 nocendi
275 987 306 1047 p.
316 967 391 1028 237.

174 1080 207 1136 in
226 1075 362 1137 Petronio
383 1080 492 1157 popina
510 1096 571 1139 una
590 1098 716 1159 quaeque
735 1097 836 1140 οονοπε
854 1077 940 1139 habet
958 1078 996 1139 ad
1006 1096 1037 1157 p.
1047 1075 1112 1137 266
1126 1097 1199 1157 qao-

82 1187 236 1264 drapenos
248 1195 372 1257 octonos,
386 1205 404 1247 a
411 1206 442 1266 p.
450 1183 518 1246 209
525 1205 597 1267 quae
606 1206 714 1249 nouum
722 1190 939 1268 quaternionem
946 1185 1062 1248 inchoat
1069 1186 1199 1266 quadra-

83 1313 178 1374 penos
193 1294 321 1374 sinpulos
337 1295 501 1356 litterarum
513 1296 709 1376 mapnitndine
721 1296 834 1376 ionpim
846 1296 1010 1356 disiunctos.
1054 1297 1139 1355 totius
1150 1312 1200 1355 οο-

85 1403 162 1464 dicis
177 1402 252 1482 solia
266 1405 445 1464 eatrinsecns
456 1407 487 1463 in
498 1407 630 1483 maraine
645 1407 785 1484 insem'ore
799 1406 932 1483 secernant
942 1407 1054 1474 uitium,
1067 1404 1142 1483 quod
1153 1402 1199 1464 la·

84 1511 183 1572 titudo
194 1514 337 1591 marpinis
346 1510 519 1592 impediebat
528 1529 583 1592 quo
595 1515 692 1573 minus
702 1515 733 1572 in
744 1510 835 1572 uerba
846 1528 955 1592 quoque
968 1519 1100 1572 contenta
1111 1514 1199 1572 invo-

85 1621 180 1681 deret.
226 1618 262 1680 ab
285 1618 373 1681 latere
386 1622 512 1699 popinae
527 1620 626 1681 eadem
640 1639 746 1682 manus
756 1631 875 1700 praeter
891 1624 1081 1682 correctiones
1097 1621 1198 1682 crebro

85 1729 229 1788 adiunm't
239 1728 383 1788 uocabula
394 1731 533 1790 inusitata
543 1727 589 1789 uel
599 1729 731 1790 inaudito
741 1739 767 1789 et
778 1727 896 1800 scholia,
913 1728 991 1790 velut
1002 1748 1033 1808 p.
1042 1726 1110 1788 206
1121 1735 1200 1790 atra-

84 1837 179 1916 liptae
194 1835 296 1915 (pne,
308 1836 371 1912 16),
389 1836 520 1897 coccinea
534 1836 634 1916 (pte,
646 1835 705 1912 18),
718 1836 861 1897 Poleatice
874 1839 914 1918 (p.
924 1836 973 1910 29,
985 1836 1046 1912 19),
1058 1836 1200 1916 sympha-

87 1941 178 2004 maeii
194 1947 240 2023 (p.
250 1944 301 2022 30,
309 1944 351 2022 2),
367 1945 492 2006 edictum
509 1943 611 2024 (peu,
622 1945 662 2022 6),
673 1945 830 2006 caduceum
848 1944 952 2024 (p.30‚
966 1944 1025 2021 16).
1053 1946 1201 2024 scriptura

86 2071 235 2132 nusquam
247 2051 372 2113 obscura
383 2053 482 2114 estred
492 2052 683 2132 neptapentias
695 2056 850 2133 composita
861 2053 947 2134 eulpa
959 2051 1124 2114 velocitatis.
1146 2063 1201 2114 net

86 2181 111 2223 u
122 2161 172 2222 uel
182 2168 254 2222 cett
265 2171 291 2222 et
300 2164 332 2221 in
344 2162 543 2241 compendium
554 2161 673 2222 redacta
684 2162 763 2241 quod
776 2171 802 2223 et
813 2163 879 2242 quia
891 2162 938 2224 vel
949 2170 977 2223 et
988 2173 1015 2224 et
1024 2161 1110 2224 etiam
1122 2161 1201 2223 houd

86 2274 132 2331 ita
142 2269 231 2351 facile
242 2280 284 2330 ert
294 2270 464 2331 discernere.
486 2277 515 2330 tu
526 2277 620 2332 ettam
633 2269 710 2330 vaiet
721 2279 746 2330 et
757 2276 815 2343 tun,
826 2273 919 2350 itaque
931 2276 1069 2350 tanquam
1081 2278 1108 2330 et
1118 2271 1200 2331 simi-

88 2378 132 2438 lia
146 2395 201 2458 per
214 2395 235 2438 n
250 2377 397 2459 efferenda
408 2380 466 2439 sint
479 2396 518 2437 an
525 2396 580 2457 per
595 2395 634 2449 m,
650 2380 709 2438 nisi
721 2378 773 2438 ati
782 2377 872 2458 plena
887 2379 1064 2440 eascrr‘bitur
1076 2377 1199 2459 syllaba,

87 2489 243 2548 nascimur.
258 2489 429 2547 continentes
441 2503 746 2566 oocernonnnnquam
753 2504 911 2566 perperam
923 2485 1200 2548 distribuunteroei-

87 2607 124 2656 ut
138 2594 207 2655 illae
222 2594 349 2656 interimi
361 2593 518 2672 utraliptae‚
536 2597 650 2674 saepius
660 2594 782 2671 prandit
794 2593 889 2655 littera
901 2594 1054 2655 ecorditar
1066 2597 1201 2674 princeps

89 2706 236 2764 enuntiati
252 2701 440 2772 vocobulum,
463 2703 594 2762 membra
614 2703 755 2762 orationis
771 2701 940 2782 articulique
954 2703 1017 2781 [ονο
1028 2711 1136 2781 puncto
1152 2713 1202 2764 aut

91 2811 211 2892 ablr’qm
225 2811 333 2873 lineola
348 2821 399 2872 aut
409 2814 503 2892 posito
519 2828 606 2890 super
613 2819 754 2890 punctam
766 2808 873 2871 n'oilico
886 2811 1111 2889 dampnantur,
1128 2829 1200 2872 raro

90 2925 119 2982 si
136 2923 272 2982 carmina
287 2922 433 2999 acceperis
443 2929 598 2999 perpetuus
612 2928 695 2980 tenor
709 2918 867 2980 uerborum
885 2922 1119 2999 interrumpitur.
1151 2939 1201 2981 ea-

84 3033 186 3110 pitum
199 3031 329 3089 numeris
343 3030 504 3107 marpinem
519 3029 647 3108 notisque
661 3030 756 3107 ipsum
767 3027 935 3108 cuempiam
945 3045 1040 3089 novus
1049 3045 1200 3108 pramma·

91 3141 166 3200 ricus
178 3140 320 3199 instruxit
329 3146 484 3217 postquam
497 3139 529 3196 in
544 3138 637 3216 capita
652 3139 759 3198 satiras
774 3136 912 3198 dietrami
925 3134 1051 3198 Ioannes
1064 3135 1203 3198 Bacchius

87 3236 386 3308 ‘seeundumiaannis
394 3243 520 3304 ΜονοονοΙ
530 3236 771 3324 editionem’quae
784 3243 912 3306 Geneoae
924 3263 1002 3306 anno
1010 3243 1097 3307 1623
1105 3245 1200 3325 prod-

91 3358 176 3416 ierat.
207 3354 293 3416 imius
316 3354 420 3415 codicis
440 3351 631 3432 apoprapiron
654 3352 688 3413 ab
711 3352 821 3413 Ioanne
840 3351 926 3414 Lucio
945 3352 1080 3413 Delmuta
1094 3350 1203 3412 Romae

92 3481 172 3524 anno
198 3460 283 3524 1668
308 3473 408 3522 coacte
434 3462 594 3540 consectum
616 3461 778 3541 publicavit
792 3461 996 3523 Amrtelodami
1020 3457 1203 3520 ann016'70

89 3570 218 3633 Ioannes
229 3561 367 3632 Bloeoins
381 3572 550 3649 iteraoitque
563 3587 640 3631 anno
653 3569 743 3631 1671.
773 3587 964 3648 νοοοοποοονο
980 3568 1104 3629 codicem
1114 3567 1202 3630 Pari-
1218 3599 1219 3602 ¹

90 3684 142 3741 siis
159 3679 270 3742 Ottanis
280 3678 381 3740 Iaimii
392 3681 489 3757 pratia
505 3677 657 3740 Conradus
667 3679 831 3740 Bursianus
845 3679 883 3738 ad
894 3663 1121 3758 Bipontinamet
1135 3677 1203 3740 dili-

89 3792 253 3870 pentissime
274 3786 420 3848 Hennam
438 3782 548 3849 Keilius
569 3789 781 3849 aduocandum
800 3786 885 3848 illam
906 3787 1202 3849 Amsteiodamensem.

90 3916 218 3978 quorum
233 3916 283 3977 epo
299 3895 440 3977 sequebar
456 3899 655 3957 auctoritatem
669 3896 839 3977 ubicumque
856 3897 889 3958 de
900 3896 923 3956 A
935 3905 962 3957 et
972 3895 1003 3957 H
1012 3900 1071 3958 siue
1082 3900 1204 3958 reticens

89 4011 153 4068 sive
163 4007 341 4087 praedicans
358 4016 461 4068 contra
476 4003 595 4067 Luciam
610 4014 726 4066 testatur
740 4023 813 4066 sum.

178 4194 217 4255 B:
238 4196 330 4257 coden
344 4193 500 4256 dernensis
517 4194 755 4255 membranaceus
777 4195 966 4274 qoaaternaria
980 4195 1080 4273 forma
1096 4190 1205 4252 saeculi
1214 4197 1236 4248 B

91 4303 119 4365 X
141 4314 193 4365 aut
213 4301 258 4365 XI
270 4307 401 4384 sipnatus
415 4323 478 4365 uss.
495 4321 555 4364 uir.
571 4301 645 4372 357,
667 4301 781 4364 duabus
796 4300 947 4381 amplioris
961 4299 1117 4361 voluminis
1126 4315 1203 4376 par-

147 4401 246 4446 Peuanii
259 4403 340 4446 satirae
981 4400 1000 4450 B
