3022 4956
789 449 946 505 Purnouu

513 607 617 687 gallina
631 606 685 670 tibi
700 605 868 680 Numidica,
883 606 935 670 tibi
951 606 1041 685 gallus
1057 607 1165 686 spad03

516 706 628 768 ciconia
644 706 744 779 etiam,
759 712 841 784 grata
856 705 1009 786 peregrina
1024 705 1157 786 hospita,

513 804 717 886 pietaticultrix
731 804 882 886 gracilipes
898 803 1085 878 crotalistria,

514 904 574 966 avis
590 903 656 965 exul
670 903 786 976 hiemis,
801 903 901 964 titulus
916 903 1006 981 tepidi
1021 901 1177 981 temporis,

514 1002 661 1081 nequitiae
676 1000 778 1062 nidum
794 997 823 1061 in
840 1000 962 1061 caccabo
977 1001 1045 1062 fecit
1060 999 1160 1061 modo.

515 1119 573 1180 quo
590 1099 744 1178 margarita
760 1118 826 1161 cara
841 1097 949 1159 tribaca
964 1096 1085 1158 ludica?

515 1215 552 1261 an
567 1205 599 1260 ut
614 1205 747 1258 matrona
763 1205 866 1258 ornata
881 1196 977 1257 faleris
993 1195 1111 1275 pelagiis

513 1297 596 1359 tollat
611 1295 700 1374 pedes
715 1295 857 1358 indomita
872 1296 902 1356 in
918 1300 1010 1355 strato
1026 1290 1186 1355 extraneo?

514 1393 701 1471 zmaragdum
721 1395 756 1456 ad
773 1412 859 1474 quam
874 1411 936 1452 rem
952 1390 1086 1463 viridem,
1109 1391 1275 1470 pretiosum
1291 1387 1407 1472 vitrum?

515 1512 574 1573 quo
590 1492 805 1554 Carchedonios
822 1498 907 1571 optas
922 1490 1001 1569 ignes
1015 1487 1170 1568 lapideos?
1421 1505 1441 1553 tl

514 1591 571 1652 nisi
586 1597 619 1651 ut
633 1588 781 1664 scintillet,
795 1589 927 1669 probitas
944 1596 988 1649 est
1004 1588 1207 1649 carbunculus.

517 1705 641 1768 aequum
658 1693 702 1747 est
717 1686 837 1748 induere
852 1693 972 1766 nuptam
989 1692 1106 1747 ventum
1122 1685 1263 1761 textilem,

515 1789 609 1870 palam
625 1791 760 1865 prostare
774 1784 884 1846 nudam
899 1784 929 1845 in
944 1785 1048 1846 nebula
1062 1776 1179 1846 lineai”

388 1993 401 2039 1
427 1989 528 2038 numida
555 1984 695 2050 AODFG,
724 2002 756 2037 en
782 1985 811 2035 F
835 1993 920 2034 tamen
947 1947 1073 2052 numicis
1100 1985 1272 2036 Mommsenus
1301 1985 1406 2036 enotauit.

314 2063 408 2113 munda
426 2061 504 2124 gallus
521 2058 577 2108 sine
594 2059 637 2107 tibi
657 2057 683 2108 P
800 2060 814 2106 2
835 2057 946 2106 ciconics
963 2055 1062 2107 AOFG
1187 2057 1263 2108 Graia
1277 2065 1407 2122 praeeunte

314 2131 447 2197 Eccliqero
457 2129 583 2180 Heinsius
691 2132 706 2178 3
719 2129 893 2193 pietaticultrix
902 2128 967 2190 Lpt:
980 2129 1078 2192 pietatis
1092 2130 1180 2178 cultrix
1190 2127 1406 2190 ABODEFGHs,
1494 2169 1495 2206 t

313 2205 411 2268 pietatis
430 2205 528 2252 cultrux
546 2201 572 2251 P
700 2202 798 2265 gracilis
812 2215 855 2264 pes
874 2198 909 2261 H,
929 2201 1026 2262 gracilis
1044 2215 1089 2264 pes
1107 2200 1162 2249 AF
1176 2206 1200 2250 et
1216 2208 1247 2249 ut
1263 2201 1364 2252 uidetur
1379 2199 1406 2262 E,

314 2275 400 2340 gracili
416 2288 473 2337 apes
492 2272 530 2322 G.-
548 2273 677 2336 gracilipes
696 2272 772 2322 edam
790 2269 932 2321 Samducus
1059 2273 1201 2321 etotalistria
1219 2271 1300 2322 AEF

315 2347 408 2395 texui
425 2344 463 2394 sic
481 2342 638 2394 AFaHaP
742 2345 838 2407 hyemis
858 2341 890 2406 G,
909 2343 986 2406 yemis
1005 2341 1034 2391 F
1136 2345 1203 2392 titlrrs
1220 2344 1247 2394 P
1341 2346 1407 2392 5nc-

314 2418 394 2482 quicie
413 2415 498 2466 ΑΘΗ
610 2416 717 2464 caccabo
736 2413 822 2464 BOP:
841 2415 934 2463 cacabo
953 2412 1047 2478 reliqui
1153 2416 1228 2464 modo
1246 2415 1347 2482 correns]
1356 2429 1407 2479 qua

314 2489 386 2540 niam
412 2486 478 2556 Syri
504 2494 586 2537 aetate
613 2485 828 2538 comedendarum
855 2485 1013 2535 ciconiarum
1037 2501 1113 2535 usum
1138 2486 1250 2536 instituit
1270 2486 1407 2550 praetorius

314 2569 412 2612 auctor.
448 2560 516 2611 idern
534 2556 652 2610 Iccobsio
679 2558 708 2608 in
734 2566 839 2607 mentem
865 2565 987 2607 uenerat.-
1014 2573 1070 2606 moo
1097 2557 1164 2609 libri.
1201 2573 1285 2608 merae
1312 2566 1355 2608 aut
1371 2565 1406 2605 tuo
1493 2557 1494 2566 ¹

246 2657 249 2661 ·
313 2632 439 2684 Heinsius
583 2633 675 2681 6'cara
699 2637 728 2680 ut
752 2645 763 2678 s
786 2627 910 2678 uideatur
931 2629 960 2678 in
977 2627 1033 2692 fine
1058 2628 1141 2679 deleta
1159 2629 1184 2677 L
1325 2631 1407 2678 tribaca

313 2702 532 2766 AODEFGHP,
551 2705 661 2752 tribacca
673 2709 713 2766 pt,
733 2702 841 2750 tribacca
859 2716 888 2750 ac
907 2715 927 2762 s,
944 2701 987 2749 tibi
1007 2702 1068 2749 baca
1086 2699 1126 2764 B,
1145 2702 1187 2750 tibi
1206 2704 1284 2750 barca
1303 2702 1326 2750 L
1344 2700 1406 2750 euius

313 2776 427 2842 marpini
448 2774 566 2839 Scaliper
586 2764 637 2823 ‘ita
654 2790 679 2822 u.
700 2766 727 2824 a'
749 2772 880 2835 inscripsit
902 2787 960 2821 cum
978 2771 1096 2821 Biturica
1120 2779 1144 2822 et
1165 2772 1282 2838 ntarpine
1305 2781 1322 2825 t.
1354 2768 1406 2820 inde

314 2847 439 2898 Heinsius
457 2847 508 2909 tibi,
526 2847 629 2894 baccam
647 2845 759 2893 Indicam
769 2843 884 2907 fortasse
902 2858 971 2893 uere.
1008 2845 1155 2907 margaritae
1174 2845 1252 2894 bacca
1271 2846 1354 2894 tricata
1370 2844 1403 2891 In·

314 2918 384 2968 dicae
407 2915 476 2966 idem
498 2924 583 2980 antea,
602 2916 724 2964 unibacca
745 2913 897 2966 Salmasius.
934 2916 1028 2964 tribaca
1046 2913 1114 2979 quod
1132 2922 1265 2965 ternarum
1284 2915 1404 2965 baccarum

314 3004 367 3040 esse
389 2987 494 3038 uoluere
512 2987 602 3049 prima
625 2985 726 3051 syllaba
748 2993 893 3050 correptum
917 2994 996 3036 metro
1014 2994 1150 3051 repupnat.
1186 2988 1305 3036 uitribaca
1322 2994 1365 3036 aut
1379 2983 1404 3032 si-

217 3072 227 3077 ”
313 3060 372 3110 mdc
391 3058 553 3122 corapositum
571 3059 650 3108 latere
669 3057 796 3121 opinabar
915 3066 977 3122 post
999 3057 1067 3106 bunc
1085 3073 1189 3109 uersum
1206 3059 1333 3124 quaedam
1349 3054 1405 3112 enci

237 3185 240 3192 ,
314 3130 382 3182 disse
399 3123 552 3180 Ribbeclcius
566 3128 684 3194 putabat.
720 3129 850 3180 miscuisse
866 3128 1079 3179 Trimalchionem
1097 3129 1173 3180 eredo
1191 3147 1253 3195 quos
1271 3130 1405 3180 meminerat

314 3201 380 3271 Syri
397 3218 504 3264 uersus;
522 3201 583 3252 huie
600 3201 690 3252 uersui
713 3209 771 3265 apte
796 3201 963 3252 continuatur
987 3201 1032 3266 qui
1051 3202 1140 3251 tertius
1158 3200 1279 3266 deinceps
1297 3201 1404 3266 renititur,

313 3291 360 3326 nec
377 3275 425 3328 boc
442 3274 494 3325 loco
507 3274 595 3340 potiris
614 3288 691 3338 quam
704 3279 767 3336 post
782 3287 809 3322 u.
824 3275 856 3322 13
876 3281 991 3323 coartans
1008 3280 1127 3324 matrona
1145 3274 1335 3324 commemorari
1346 3269 1404 3321 dale·
1490 3273 1492 3294 ³

314 3347 359 3400 bat
473 3350 526 3399 Aut
543 3355 571 3395 ut
589 3354 606 3409 t,
625 3345 683 3394 Noa
701 3351 729 3392 ut
746 3343 904 3394 Muncberus
1023 3349 1035 3394 7
1057 3352 1160 3394 onerata
1173 3353 1218 3409 pt:
1237 3355 1326 3394 ornata
1343 3343 1406 3393 edan

313 3437 402 3488 marqo
420 3428 431 3472 t
519 3420 600 3469 faleris
617 3415 682 3467 AF:
700 3417 817 3480 phalleris
838 3415 864 3479 0,
883 3416 991 3480 phaleris
1010 3415 1104 3480 reliqui
1192 3417 1295 3482 pelagus
1307 3409 1406 3474 Areu,

313 3495 419 3558 patagiis
437 3499 550 3558 marpot
656 3490 671 3538 8
691 3489 765 3538 sirato
782 3487 808 3538 B
916 3489 1110 3552 ‘smaragdum
1128 3487 1166 3537 B:
1185 3491 1344 3552 smaragdum
1360 3484 1408 3536 rell·

314 3565 359 3628 qui
478 3566 509 3614 ad
528 3579 619 3627 aquam
636 3560 671 3612 H
790 3560 825 3609 rei
843 3557 899 3608 AF
1019 3561 1158 3622 preciosum
1175 3557 1282 3608 AHLP

316 3637 348 3682 10
367 3636 565 3684 charchedonios
579 3632 631 3686 OG.
643 3632 701 3698 suit
712 3631 758 3697 qui
776 3631 957 3681 Chalcedonius
969 3630 1093 3680 coniceret
1199 3639 1283 3695 portas
1295 3631 1410 3681 mururm
1490 3639 1491 3658 ¹

314 3702 452 3768 Heinsius„
471 3713 542 3769 aptas
560 3704 694 3754 Iacobsius
822 3706 852 3751 11
873 3702 914 3750 uin
939 3709 966 3749 ut
991 3703 1104 3764 scintillet
1127 3701 1262 3755 Bartltius.
1300 3703 1411 3752 librorum

314 3773 445 3837 scriptura
469 3775 491 3823 si
509 3791 576 3823 sana
594 3783 631 3824 est
647 3775 683 3825 sic
700 3772 883 3840 intelleqencla:
908 3772 959 3822 nisi
978 3771 1051 3837 forte
1064 3773 1219 3836 probitatem
1237 3773 1411 3824 carbunculum

314 3843 436 3895 habueris
463 3844 509 3908 qui
532 3844 671 3896 scintillare
699 3845 789 3895 debeat
914 3852 941 3892 ut
964 3859 1009 3893 orn.
1030 3843 1067 3907 G,
1093 3854 1136 3894 aut
1159 3843 1188 3893 F
1310 3847 1412 3896 scintillet

313 3914 512 3979 ABchHPp
530 3916 638 3966 relatum
657 3935 674 3967 a
692 3916 809 3968 Iacobsio
831 3915 868 3966 ad
888 3923 1033 3965 matronam
1049 3916 1126 3980 quasi
1143 3923 1212 3980 optat
1225 3918 1412 3979 praecessisset:

314 3988 445 4037 scintillent
463 3987 550 4049 ELst,
574 3988 677 4038 scintille
695 3988 729 4040 F.
767 3990 882 4040 scintillas
901 3986 1033 4037 Heinsius.
1066 3987 1219 4051 plerumque
1238 3987 1302 4038 baec
1316 3988 1413 4054 panthu·

313 4057 426 4110 animeris
444 4056 572 4122 superiori
588 4059 678 4108 uersui
695 4058 821 4110 adiuncta
834 4074 885 4123 per
902 4058 1125 4124 interrogationem
1144 4059 1248 4124 effertur
1363 4074 1412 4125 pro·

313 4131 376 4182 bitas
395 4131 441 4194 ast]
460 4131 558 4194 probita
575 4144 602 4178 se
614 4129 640 4180 B
748 4133 911 4182 carbunculus
930 4131 1045 4180 FHLst:
1063 4132 1225 4180 corbunculas
1237 4129 1348 4195 ΛΟΜ,
1367 4145 1413 4181 ear·

313 4203 425 4255 hincuiaa
444 4200 477 4267 F,
497 4202 659 4252 carbunculos
677 4200 746 4266 BPp
856 4205 887 4250 ta
907 4201 1035 4264 aequmB
1142 4203 1156 4251 e
1168 4218 1221 4267 pro
1233 4210 1271 4252 est
1283 4203 1317 4254 L.
1353 4213 1414 4253 estne

314 4273 439 4328 Heinsius
562 4272 664 4323 inducre
682 4271 718 4322 sic
736 4273 775 4337 L,
798 4274 913 4323 inducere
932 4272 1098 4324 ABDuuH
1110 4281 1135 4324 et
1150 4281 1180 4324 ut
1200 4273 1308 4326 uidetur
1325 4273 1349 4326 S
1365 4287 1415 4326 cum
