<?xml version="1.0" encoding="UTF-8"?>
<!DOCTYPE html PUBLIC "-//W3C//DTD XHTML 1.0 Transitional//EN"
    "http://www.w3.org/TR/xhtml1/DTD/xhtml1-transitional.dtd">
<html xmlns="http://www.w3.org/1999/xhtml" xml:lang="en" lang="en">
 <head>
  <title>
</title>
<meta http-equiv="Content-Type" content="text/html;charset=utf-8" />
  <meta name='ocr-system' content='tesseract 3.04.00' />
  <meta name='ocr-capabilities' content='ocr_page ocr_carea ocr_par ocr_line ocrx_word'/>
</head>
<body>
  <div class='ocr_page' id='page_1' title='image "./petroniiarbitri00buecgoog_0126.png"; bbox 0 0 3022 4956; ppageno 0'>
   <div class='ocr_carea' id='block_1_1' title="bbox 572 452 1191 520">
    <p class='ocr_par' dir='ltr' id='par_1_1' title="bbox 572 452 1191 520">
     <span class='ocr_line' id='line_1_1' title="bbox 572 452 1191 520; baseline -0.005 -14"><span class='ocrx_word' id='word_1_1' title='bbox 572 452 714 506; x_wconf 79' lang='lat' dir='ltr'><strong>sarteas</strong></span> <span class='ocrx_word' id='word_1_2' title='bbox 1153 459 1172 520; x_wconf 71' lang='lat' dir='ltr'><strong>p</strong></span> <span class='ocrx_word' id='word_1_3' title='bbox 1177 461 1191 520; x_wconf 88' lang='lat'>1</span> 
     </span>
    </p>
   </div>
   <div class='ocr_carea' id='block_1_2' title="bbox 56 607 1250 2656">
    <p class='ocr_par' dir='ltr' id='par_1_2' title="bbox 56 607 1250 2656">
     <span class='ocr_line' id='line_1_2' title="bbox 62 607 1195 690; baseline 0.004 -21"><span class='ocrx_word' id='word_1_4' title='bbox 62 617 151 672; x_wconf 76' lang='lat' dir='ltr'><strong>erem</strong></span> <span class='ocrx_word' id='word_1_5' title='bbox 162 608 345 673; x_wconf 72' lang='lat' dir='ltr'><strong>Homeristae</strong></span> <span class='ocrx_word' id='word_1_6' title='bbox 359 607 550 684; x_wconf 76' lang='lat' dir='ltr'><strong>sustulerunt</strong></span> <span class='ocrx_word' id='word_1_7' title='bbox 564 608 697 690; x_wconf 89' lang='lat' dir='ltr'><strong>interque</strong></span> <span class='ocrx_word' id='word_1_8' title='bbox 710 609 850 672; x_wconf 81' lang='lat' dir='ltr'><strong>familiam</strong></span> <span class='ocrx_word' id='word_1_9' title='bbox 864 609 1075 674; x_wconf 76' lang='lat' dir='ltr'>discurrentem</span> <span class='ocrx_word' id='word_1_10' title='bbox 1087 610 1195 673; x_wconf 83' lang='lat' dir='ltr'><strong>vitulus</strong></span> 
     </span>
     <span class='ocr_line' id='line_1_3' title="bbox 93 707 1196 789; baseline 0.002 -19"><span class='ocrx_word' id='word_1_11' title='bbox 93 708 120 770; x_wconf 91' lang='lat' dir='ltr'><strong>in</strong></span> <span class='ocrx_word' id='word_1_12' title='bbox 136 709 217 770; x_wconf 87' lang='lat' dir='ltr'><strong>lance</strong></span> <span class='ocrx_word' id='word_1_13' title='bbox 237 707 352 771; x_wconf 88' lang='lat' dir='ltr'><strong>denaria</strong></span> <span class='ocrx_word' id='word_1_14' title='bbox 373 708 464 770; x_wconf 80' lang='lat' dir='ltr'><strong>efinus</strong></span> <span class='ocrx_word' id='word_1_15' title='bbox 484 708 586 770; x_wconf 91' lang='lat' dir='ltr'><strong>allatus</strong></span> <span class='ocrx_word' id='word_1_16' title='bbox 602 715 656 782; x_wconf 86' lang='lat' dir='ltr'><strong>est,</strong></span> <span class='ocrx_word' id='word_1_17' title='bbox 673 715 703 770; x_wconf 91' lang='lat' dir='ltr'><strong>et</strong></span> <span class='ocrx_word' id='word_1_18' title='bbox 717 709 835 789; x_wconf 90' lang='lat' dir='ltr'><strong>quidem</strong></span> <span class='ocrx_word' id='word_1_19' title='bbox 848 708 986 789; x_wconf 77' lang='lat' dir='ltr'><strong>galeatus.</strong></span> <span class='ocrx_word' id='word_1_20' title='bbox 1015 717 1134 774; x_wconf 89' lang='lat' dir='ltr'><strong>secutus</strong></span> <span class='ocrx_word' id='word_1_21' title='bbox 1150 716 1196 773; x_wconf 90' lang='lat' dir='ltr'><strong>est</strong></span> 
     </span>
     <span class='ocr_line' id='line_1_4' title="bbox 93 805 1195 888; baseline 0.002 -20"><span class='ocrx_word' id='word_1_22' title='bbox 93 807 157 868; x_wconf 81' lang='lat' dir='ltr'><strong>liar</strong></span> <span class='ocrx_word' id='word_1_23' title='bbox 172 806 332 888; x_wconf 77' lang='lat' dir='ltr'><strong>strictoque</strong></span> <span class='ocrx_word' id='word_1_24' title='bbox 346 806 458 885; x_wconf 83' lang='lat' dir='ltr'><strong>gladio,</strong></span> <span class='ocrx_word' id='word_1_25' title='bbox 474 815 622 887; x_wconf 78' lang='lat' dir='ltr'><strong>tamquam</strong></span> <span class='ocrx_word' id='word_1_26' title='bbox 637 807 786 880; x_wconf 86' lang='lat' dir='ltr'><strong>insaniret,</strong></span> <span class='ocrx_word' id='word_1_27' title='bbox 802 805 942 879; x_wconf 82' lang='lat' dir='ltr'><strong>concidit,</strong></span> <span class='ocrx_word' id='word_1_28' title='bbox 958 825 992 869; x_wconf 94' lang='lat' dir='ltr'><strong>ac</strong></span> <span class='ocrx_word' id='word_1_29' title='bbox 1006 809 1096 870; x_wconf 90' lang='lat' dir='ltr'><strong>mode</strong></span> <span class='ocrx_word' id='word_1_30' title='bbox 1113 825 1195 870; x_wconf 87' lang='lat' dir='ltr'><strong>rcrsa</strong></span> 
     </span>
     <span class='ocr_line' id='line_1_5' title="bbox 93 902 1195 985; baseline 0.001 -19"><span class='ocrx_word' id='word_1_31' title='bbox 93 905 177 967; x_wconf 92' lang='lat' dir='ltr'><strong>modo</strong></span> <span class='ocrx_word' id='word_1_32' title='bbox 202 905 307 985; x_wconf 85' lang='lat' dir='ltr'><strong>supina</strong></span> <span class='ocrx_word' id='word_1_33' title='bbox 332 905 518 982; x_wconf 83' lang='lat' dir='ltr'><strong>gesticulatus</strong></span> <span class='ocrx_word' id='word_1_34' title='bbox 543 918 685 967; x_wconf 78' lang='lat' dir='ltr'><strong>mumque</strong></span> <span class='ocrx_word' id='word_1_35' title='bbox 709 903 803 966; x_wconf 82' lang='lat' dir='ltr'><strong>frusta</strong></span> <span class='ocrx_word' id='word_1_36' title='bbox 828 902 943 983; x_wconf 87' lang='lat' dir='ltr'><strong>collegit</strong></span> <span class='ocrx_word' id='word_1_37' title='bbox 961 905 1195 985; x_wconf 86' lang='lat' dir='ltr'><strong>mirantibusque</strong></span> 
     </span>
     <span class='ocr_line' id='line_1_6' title="bbox 67 1003 417 1084; baseline -0.003 -19"><span class='ocrx_word' id='word_1_38' title='bbox 67 1003 207 1065; x_wconf 79' lang='lat' dir='ltr'><strong>tritarlum</strong></span> <span class='ocrx_word' id='word_1_39' title='bbox 223 1003 347 1084; x_wconf 88' lang='lat' dir='ltr'><strong>partitus</strong></span> <span class='ocrx_word' id='word_1_40' title='bbox 362 1009 417 1064; x_wconf 75' lang='lat' dir='ltr'><strong>est.</strong></span> 
     </span>
     <span class='ocr_line' id='line_1_7' title="bbox 90 1099 1250 1184; baseline 0.005 -22"><span class='ocrx_word' id='word_1_41' title='bbox 90 1129 95 1138; x_wconf 93' lang='lat'><em>·</em></span> <span class='ocrx_word' id='word_1_42' title='bbox 171 1118 224 1163; x_wconf 87' lang='lat' dir='ltr'><strong>nec</strong></span> <span class='ocrx_word' id='word_1_43' title='bbox 244 1101 294 1164; x_wconf 92' lang='lat' dir='ltr'><strong>diu</strong></span> <span class='ocrx_word' id='word_1_44' title='bbox 314 1101 415 1163; x_wconf 87' lang='lat' dir='ltr'><strong>mirari</strong></span> <span class='ocrx_word' id='word_1_45' title='bbox 429 1099 510 1162; x_wconf 91' lang='lat' dir='ltr'><strong>licuit</strong></span> <span class='ocrx_word' id='word_1_46' title='bbox 523 1107 584 1162; x_wconf 89' lang='lat' dir='ltr'><strong>tam</strong></span> <span class='ocrx_word' id='word_1_47' title='bbox 599 1099 742 1179; x_wconf 88' lang='lat' dir='ltr'><strong>elegantes</strong></span> <span class='ocrx_word' id='word_1_48' title='bbox 759 1101 911 1181; x_wconf 68' lang='lat' dir='ltr'><strong>stropham</strong></span> <span class='ocrx_word' id='word_1_49' title='bbox 930 1120 1000 1165; x_wconf 89' lang='lat' dir='ltr'><strong>nam</strong></span> <span class='ocrx_word' id='word_1_50' title='bbox 1015 1111 1137 1184; x_wconf 89' lang='lat' dir='ltr'><strong>repente</strong></span> <span class='ocrx_word' id='word_1_51' title='bbox 1151 1105 1194 1168; x_wconf 90' lang='lat' dir='ltr'><strong>la·</strong></span> <span class='ocrx_word' id='word_1_52' title='bbox 1209 1112 1250 1174; x_wconf 87' lang='grc'><strong>60</strong></span> 
     </span>
     <span class='ocr_line' id='line_1_8' title="bbox 94 1198 1194 1278; baseline 0.005 -17"><span class='ocrx_word' id='word_1_53' title='bbox 94 1199 203 1261; x_wconf 88' lang='lat' dir='ltr'><strong>cunaria</strong></span> <span class='ocrx_word' id='word_1_54' title='bbox 222 1215 330 1261; x_wconf 84' lang='lat' dir='ltr'><strong>sonare</strong></span> <span class='ocrx_word' id='word_1_55' title='bbox 349 1204 508 1277; x_wconf 87' lang='lat' dir='ltr'><strong>coeperunt</strong></span> <span class='ocrx_word' id='word_1_56' title='bbox 526 1203 681 1278; x_wconf 87' lang='lat' dir='ltr'><strong>totumque</strong></span> <span class='ocrx_word' id='word_1_57' title='bbox 694 1198 850 1261; x_wconf 90' lang='lat' dir='ltr'><strong>triclinium</strong></span> <span class='ocrx_word' id='word_1_58' title='bbox 869 1201 1029 1265; x_wconf 89' lang='lat' dir='ltr'><strong>intremuit.</strong></span> <span class='ocrx_word' id='word_1_59' title='bbox 1060 1210 1194 1266; x_wconf 88' lang='lat' dir='ltr'><strong>conster-</strong></span> 
     </span>
     <span class='ocr_line' id='line_1_9' title="bbox 92 1295 1194 1382; baseline 0.005 -23"><span class='ocrx_word' id='word_1_60' title='bbox 92 1305 171 1360; x_wconf 89' lang='lat' dir='ltr'><strong>natus</strong></span> <span class='ocrx_word' id='word_1_61' title='bbox 190 1315 245 1377; x_wconf 88' lang='lat' dir='ltr'><strong>ego</strong></span> <span class='ocrx_word' id='word_1_62' title='bbox 265 1296 417 1360; x_wconf 81' lang='lat' dir='ltr'><strong>exsurrexi</strong></span> <span class='ocrx_word' id='word_1_63' title='bbox 435 1303 465 1357; x_wconf 88' lang='lat' dir='ltr'><strong>et</strong></span> <span class='ocrx_word' id='word_1_64' title='bbox 482 1295 580 1372; x_wconf 76' lang='lat' dir='ltr'><strong>umui,</strong></span> <span class='ocrx_word' id='word_1_65' title='bbox 601 1313 639 1358; x_wconf 87' lang='lat' dir='ltr'><strong>ne</strong></span> <span class='ocrx_word' id='word_1_66' title='bbox 658 1315 711 1377; x_wconf 92' lang='lat' dir='ltr'><strong>per</strong></span> <span class='ocrx_word' id='word_1_67' title='bbox 729 1305 839 1359; x_wconf 89' lang='lat' dir='ltr'><strong>tectum</strong></span> <span class='ocrx_word' id='word_1_68' title='bbox 854 1300 1075 1379; x_wconf 84' lang='lat' dir='ltr'><strong>petauristarius</strong></span> <span class='ocrx_word' id='word_1_69' title='bbox 1090 1301 1194 1382; x_wconf 90' lang='lat' dir='ltr'><strong>aliquis</strong></span> 
     </span>
     <span class='ocr_line' id='line_1_10' title="bbox 94 1394 1194 1475; baseline 0.004 -16"><span class='ocrx_word' id='word_1_70' title='bbox 94 1397 283 1459; x_wconf 88' lang='lat' dir='ltr'><strong>descenderet.</strong></span> <span class='ocrx_word' id='word_1_71' title='bbox 313 1413 369 1457; x_wconf 88' lang='lat' dir='ltr'><strong>nec</strong></span> <span class='ocrx_word' id='word_1_72' title='bbox 387 1395 487 1457; x_wconf 92' lang='lat' dir='ltr'><strong>minus</strong></span> <span class='ocrx_word' id='word_1_73' title='bbox 507 1394 609 1475; x_wconf 88' lang='lat' dir='ltr'><strong>reliqui</strong></span> <span class='ocrx_word' id='word_1_74' title='bbox 630 1396 766 1458; x_wconf 78' lang='lat' dir='ltr'><strong>convivae</strong></span> <span class='ocrx_word' id='word_1_75' title='bbox 785 1396 925 1459; x_wconf 91' lang='lat' dir='ltr'><strong>mirantes</strong></span> <span class='ocrx_word' id='word_1_76' title='bbox 944 1415 1062 1461; x_wconf 84' lang='lat' dir='ltr'><strong>erexere</strong></span> <span class='ocrx_word' id='word_1_77' title='bbox 1086 1400 1194 1474; x_wconf 87' lang='lat' dir='ltr'><strong>vultus,</strong></span> 
     </span>
     <span class='ocr_line' id='line_1_11' title="bbox 57 1492 1195 1576; baseline 0.003 -19"><span class='ocrx_word' id='word_1_78' title='bbox 57 1508 81 1559; x_wconf 86' lang='lat' dir='ltr'><strong>tc</strong></span> <span class='ocrx_word' id='word_1_79' title='bbox 96 1503 271 1576; x_wconf 82' lang='lat' dir='ltr'><strong>expectantes</strong></span> <span class='ocrx_word' id='word_1_80' title='bbox 288 1493 357 1575; x_wconf 92' lang='lat' dir='ltr'><strong>quid</strong></span> <span class='ocrx_word' id='word_1_81' title='bbox 373 1492 442 1556; x_wconf 87' lang='lat' dir='ltr'><strong>nori</strong></span> <span class='ocrx_word' id='word_1_82' title='bbox 458 1493 494 1554; x_wconf 89' lang='lat' dir='ltr'><strong>de</strong></span> <span class='ocrx_word' id='word_1_83' title='bbox 509 1492 586 1554; x_wconf 87' lang='lat' dir='ltr'><strong>caelo</strong></span> <span class='ocrx_word' id='word_1_84' title='bbox 601 1496 793 1557; x_wconf 84' lang='lat' dir='ltr'><strong>nuntiaretur.</strong></span> <span class='ocrx_word' id='word_1_85' title='bbox 823 1513 890 1556; x_wconf 88' lang='lat' dir='ltr'><strong>ecce</strong></span> <span class='ocrx_word' id='word_1_86' title='bbox 904 1504 1000 1559; x_wconf 89' lang='lat' dir='ltr'><strong>autem</strong></span> <span class='ocrx_word' id='word_1_87' title='bbox 1013 1497 1140 1562; x_wconf 91' lang='lat' dir='ltr'><strong>diductis</strong></span> <span class='ocrx_word' id='word_1_88' title='bbox 1151 1499 1195 1560; x_wconf 92' lang='lat' dir='ltr'><strong>la·</strong></span> 
     </span>
     <span class='ocr_line' id='line_1_12' title="bbox 94 1591 1194 1674; baseline 0.006 -21"><span class='ocrx_word' id='word_1_89' title='bbox 94 1593 242 1656; x_wconf 82' lang='lat' dir='ltr'><strong>cunarilms</strong></span> <span class='ocrx_word' id='word_1_90' title='bbox 258 1591 357 1655; x_wconf 89' lang='lat' dir='ltr'><strong>subito</strong></span> <span class='ocrx_word' id='word_1_91' title='bbox 374 1591 500 1656; x_wconf 91' lang='lat' dir='ltr'><strong>circulus</strong></span> <span class='ocrx_word' id='word_1_92' title='bbox 515 1592 629 1671; x_wconf 85' lang='lat' dir='ltr'><strong>ingens,</strong></span> <span class='ocrx_word' id='word_1_93' title='bbox 646 1593 682 1654; x_wconf 93' lang='lat' dir='ltr'><strong>de</strong></span> <span class='ocrx_word' id='word_1_94' title='bbox 697 1611 772 1672; x_wconf 90' lang='lat' dir='ltr'><strong>cupa</strong></span> <span class='ocrx_word' id='word_1_95' title='bbox 784 1591 915 1654; x_wconf 87' lang='lat' dir='ltr'><strong>videlicet</strong></span> <span class='ocrx_word' id='word_1_96' title='bbox 930 1596 1032 1672; x_wconf 88' lang='lat' dir='ltr'><strong>grandi</strong></span> <span class='ocrx_word' id='word_1_97' title='bbox 1044 1615 1194 1674; x_wconf 86' lang='lat' dir='ltr'><strong>excussus,</strong></span> 
     </span>
     <span class='ocr_line' id='line_1_13' title="bbox 94 1689 1194 1769; baseline 0.005 -17"><span class='ocrx_word' id='word_1_98' title='bbox 94 1691 258 1767; x_wconf 90' lang='lat' dir='ltr'><strong>demittitur,</strong></span> <span class='ocrx_word' id='word_1_99' title='bbox 279 1689 362 1752; x_wconf 92' lang='lat' dir='ltr'><strong>cuius</strong></span> <span class='ocrx_word' id='word_1_100' title='bbox 384 1707 437 1769; x_wconf 91' lang='lat' dir='ltr'><strong>per</strong></span> <span class='ocrx_word' id='word_1_101' title='bbox 455 1698 550 1753; x_wconf 89' lang='lat' dir='ltr'><strong>totum</strong></span> <span class='ocrx_word' id='word_1_102' title='bbox 571 1690 674 1752; x_wconf 88' lang='lat' dir='ltr'><strong>orbem</strong></span> <span class='ocrx_word' id='word_1_103' title='bbox 694 1709 820 1752; x_wconf 89' lang='lat' dir='ltr'><strong>coronae</strong></span> <span class='ocrx_word' id='word_1_104' title='bbox 839 1708 944 1753; x_wconf 87' lang='lat' dir='ltr'><strong>aureae</strong></span> <span class='ocrx_word' id='word_1_105' title='bbox 959 1711 1027 1755; x_wconf 92' lang='lat' dir='ltr'><strong>cum</strong></span> <span class='ocrx_word' id='word_1_106' title='bbox 1043 1693 1194 1757; x_wconf 84' lang='lat' dir='ltr'><strong>alabastris</strong></span> 
     </span>
     <span class='ocr_line' id='line_1_14' title="bbox 94 1787 1195 1871; baseline 0.001 -20"><span class='ocrx_word' id='word_1_107' title='bbox 94 1791 225 1870; x_wconf 85' lang='lat' dir='ltr'><strong>unguenti</strong></span> <span class='ocrx_word' id='word_1_108' title='bbox 239 1788 415 1871; x_wconf 87' lang='lat' dir='ltr'><strong>pendebant.</strong></span> <span class='ocrx_word' id='word_1_109' title='bbox 445 1787 515 1849; x_wconf 91' lang='lat' dir='ltr'><strong>dum</strong></span> <span class='ocrx_word' id='word_1_110' title='bbox 531 1787 603 1850; x_wconf 89' lang='lat' dir='ltr'><strong>haec</strong></span> <span class='ocrx_word' id='word_1_111' title='bbox 616 1789 799 1869; x_wconf 85' lang='lat' dir='ltr'><strong>apophoreta</strong></span> <span class='ocrx_word' id='word_1_112' title='bbox 814 1787 949 1852; x_wconf 87' lang='lat' dir='ltr'><strong>iubemur</strong></span> <span class='ocrx_word' id='word_1_113' title='bbox 960 1807 1085 1863; x_wconf 88' lang='lat' dir='ltr'><strong>sumere,</strong></span> <span class='ocrx_word' id='word_1_114' title='bbox 1101 1791 1195 1871; x_wconf 89' lang='lat' dir='ltr'><strong>raspi-</strong></span> 
     </span>
     <span class='ocr_line' id='line_1_15' title="bbox 94 1885 1196 1970; baseline 0.001 -20"><span class='ocrx_word' id='word_1_115' title='bbox 94 1888 165 1950; x_wconf 89' lang='lat' dir='ltr'><strong>eiens</strong></span> <span class='ocrx_word' id='word_1_116' title='bbox 180 1889 217 1951; x_wconf 87' lang='lat' dir='ltr'><strong>ad</strong></span> <span class='ocrx_word' id='word_1_117' title='bbox 229 1905 365 1950; x_wconf 88' lang='lat' dir='ltr'><strong>mensam</strong></span> <span class='ocrx_word' id='word_1_118' title='bbox 378 1931 385 1946; x_wconf 93' lang='lat'><strong>.</strong></span> <span class='ocrx_word' id='word_1_119' title='bbox 398 1932 405 1947; x_wconf 86' lang='lat'><em>.</em></span> <span class='ocrx_word' id='word_1_120' title='bbox 419 1933 427 1947; x_wconf 88' lang='lat'><strong>.</strong></span> <span class='ocrx_word' id='word_1_121' title='bbox 440 1905 474 1949; x_wconf 90' lang='lat'><strong>..:</strong></span> <span class='ocrx_word' id='word_1_122' title='bbox 488 1886 546 1948; x_wconf 90' lang='lat' dir='ltr'><strong>iam</strong></span> <span class='ocrx_word' id='word_1_123' title='bbox 559 1885 616 1948; x_wconf 93' lang='lat' dir='ltr'><strong>illic</strong></span> <span class='ocrx_word' id='word_1_124' title='bbox 630 1887 842 1966; x_wconf 90' lang='lat' dir='ltr'><strong>repositorium</strong></span> <span class='ocrx_word' id='word_1_125' title='bbox 853 1904 921 1949; x_wconf 93' lang='lat' dir='ltr'><strong>cum</strong></span> <span class='ocrx_word' id='word_1_126' title='bbox 933 1888 1072 1968; x_wconf 86' lang='lat' dir='ltr'><strong>placentis</strong></span> <span class='ocrx_word' id='word_1_127' title='bbox 1084 1888 1196 1970; x_wconf 85' lang='lat' dir='ltr'><strong>aliquot</strong></span> 
     </span>
     <span class='ocr_line' id='line_1_16' title="bbox 57 1983 1195 2069; baseline -0.001 -20"><span class='ocrx_word' id='word_1_128' title='bbox 57 2001 81 2049; x_wconf 81' lang='lat'><strong>15</strong></span> <span class='ocrx_word' id='word_1_129' title='bbox 96 1994 151 2048; x_wconf 91' lang='lat' dir='ltr'><strong>erat</strong></span> <span class='ocrx_word' id='word_1_130' title='bbox 162 1987 309 2066; x_wconf 88' lang='lat' dir='ltr'><strong>positum,</strong></span> <span class='ocrx_word' id='word_1_131' title='bbox 330 1985 408 2064; x_wconf 92' lang='lat' dir='ltr'><strong>quod</strong></span> <span class='ocrx_word' id='word_1_132' title='bbox 423 1983 554 2046; x_wconf 90' lang='lat' dir='ltr'><strong>medium</strong></span> <span class='ocrx_word' id='word_1_133' title='bbox 570 1983 694 2065; x_wconf 85' lang='lat' dir='ltr'><strong>Priapus</strong></span> <span class='ocrx_word' id='word_1_134' title='bbox 711 2003 727 2046; x_wconf 91' lang='lat' dir='ltr'><strong>a</strong></span> <span class='ocrx_word' id='word_1_135' title='bbox 741 1986 853 2065; x_wconf 87' lang='lat' dir='ltr'><strong>pistore</strong></span> <span class='ocrx_word' id='word_1_136' title='bbox 865 1985 960 2048; x_wconf 89' lang='lat' dir='ltr'><strong>lactus</strong></span> <span class='ocrx_word' id='word_1_137' title='bbox 975 1987 1105 2062; x_wconf 83' lang='lat' dir='ltr'><strong>tenebat,</strong></span> <span class='ocrx_word' id='word_1_138' title='bbox 1129 2007 1195 2069; x_wconf 85' lang='lat' dir='ltr'><strong>gre-</strong></span> 
     </span>
     <span class='ocr_line' id='line_1_17' title="bbox 94 2082 1195 2165; baseline 0.002 -18"><span class='ocrx_word' id='word_1_139' title='bbox 94 2084 203 2165; x_wconf 88' lang='lat' dir='ltr'><strong>mioque</strong></span> <span class='ocrx_word' id='word_1_140' title='bbox 221 2084 295 2148; x_wconf 89' lang='lat' dir='ltr'><strong>satis</strong></span> <span class='ocrx_word' id='word_1_141' title='bbox 315 2083 413 2164; x_wconf 89' lang='lat' dir='ltr'><strong>amplo</strong></span> <span class='ocrx_word' id='word_1_142' title='bbox 435 2082 533 2144; x_wconf 90' lang='lat' dir='ltr'><strong>omnis</strong></span> <span class='ocrx_word' id='word_1_143' title='bbox 555 2084 668 2164; x_wconf 86' lang='lat' dir='ltr'><strong>generis</strong></span> <span class='ocrx_word' id='word_1_144' title='bbox 690 2103 779 2164; x_wconf 93' lang='lat' dir='ltr'><strong>poma</strong></span> <span class='ocrx_word' id='word_1_145' title='bbox 799 2092 828 2146; x_wconf 92' lang='lat' dir='ltr'><strong>et</strong></span> <span class='ocrx_word' id='word_1_146' title='bbox 846 2102 917 2148; x_wconf 87' lang='lat' dir='ltr'><strong>uvas</strong></span> <span class='ocrx_word' id='word_1_147' title='bbox 933 2085 1097 2149; x_wconf 88' lang='lat' dir='ltr'><strong>sustinebat</strong></span> <span class='ocrx_word' id='word_1_148' title='bbox 1110 2104 1195 2151; x_wconf 88' lang='lat' dir='ltr'><strong>mers</strong></span> 
     </span>
     <span class='ocr_line' id='line_1_18' title="bbox 94 2181 1194 2265; baseline 0.003 -21"><span class='ocrx_word' id='word_1_149' title='bbox 94 2184 207 2263; x_wconf 78' lang='lat' dir='ltr'><strong>algoto.</strong></span> <span class='ocrx_word' id='word_1_150' title='bbox 237 2181 350 2246; x_wconf 86' lang='lat' dir='ltr'><strong>aridius</strong></span> <span class='ocrx_word' id='word_1_151' title='bbox 369 2181 407 2242; x_wconf 92' lang='lat' dir='ltr'><strong>ad</strong></span> <span class='ocrx_word' id='word_1_152' title='bbox 427 2198 568 2261; x_wconf 87' lang='lat' dir='ltr'><strong>pompam</strong></span> <span class='ocrx_word' id='word_1_153' title='bbox 588 2199 693 2244; x_wconf 91' lang='lat' dir='ltr'><strong>manus</strong></span> <span class='ocrx_word' id='word_1_154' title='bbox 707 2183 971 2263; x_wconf 83' lang='lat' dir='ltr'><strong>porreximus‚·set</strong></span> <span class='ocrx_word' id='word_1_155' title='bbox 984 2191 1105 2265; x_wconf 90' lang='lat' dir='ltr'><strong>repente</strong></span> <span class='ocrx_word' id='word_1_156' title='bbox 1118 2201 1194 2247; x_wconf 85' lang='lat' dir='ltr'><strong>nora</strong></span> 
     </span>
     <span class='ocr_line' id='line_1_19' title="bbox 96 2271 1195 2365; baseline 0.005 -23"><span class='ocrx_word' id='word_1_157' title='bbox 96 2281 224 2344; x_wconf 91' lang='lat' dir='ltr'><strong>ludorum</strong></span> <span class='ocrx_word' id='word_1_158' title='bbox 249 2279 355 2344; x_wconf 90' lang='lat' dir='ltr'><strong>missio</strong></span> <span class='ocrx_word' id='word_1_159' title='bbox 381 2277 554 2340; x_wconf 86' lang='lat' dir='ltr'><strong>hilaritatem</strong></span> <span class='ocrx_word' id='word_1_160' title='bbox 581 2277 629 2341; x_wconf 92' lang='lat' dir='ltr'><strong>hic</strong></span> <span class='ocrx_word' id='word_1_161' title='bbox 656 2281 764 2344; x_wconf 83' lang='lat' dir='ltr'><strong>refecit.</strong></span> <span class='ocrx_word' id='word_1_162' title='bbox 807 2300 910 2345; x_wconf 87' lang='lat' dir='ltr'><strong>omnes</strong></span> <span class='ocrx_word' id='word_1_163' title='bbox 939 2271 1018 2345; x_wconf 86' lang='lat' dir='ltr'><strong>enim</strong></span> <span class='ocrx_word' id='word_1_164' title='bbox 1047 2283 1195 2365; x_wconf 87' lang='lat' dir='ltr'><strong>placentae</strong></span> 
     </span>
     <span class='ocr_line' id='line_1_20' title="bbox 96 2376 1195 2462; baseline 0.005 -22"><span class='ocrx_word' id='word_1_165' title='bbox 96 2380 242 2460; x_wconf 91' lang='lat' dir='ltr'><strong>omniaque</strong></span> <span class='ocrx_word' id='word_1_166' title='bbox 261 2396 352 2460; x_wconf 91' lang='lat' dir='ltr'><strong>poma</strong></span> <span class='ocrx_word' id='word_1_167' title='bbox 370 2376 456 2438; x_wconf 89' lang='lat' dir='ltr'><strong>etiam</strong></span> <span class='ocrx_word' id='word_1_168' title='bbox 473 2376 595 2441; x_wconf 90' lang='lat' dir='ltr'><strong>minima</strong></span> <span class='ocrx_word' id='word_1_169' title='bbox 609 2379 762 2442; x_wconf 79' lang='lat' dir='ltr'><strong>resedens</strong></span> <span class='ocrx_word' id='word_1_170' title='bbox 778 2387 910 2442; x_wconf 75' lang='lat' dir='ltr'><strong>coaucta</strong></span> <span class='ocrx_word' id='word_1_171' title='bbox 925 2389 1085 2462; x_wconf 90' lang='lat' dir='ltr'><strong>coeperunt</strong></span> <span class='ocrx_word' id='word_1_172' title='bbox 1099 2384 1195 2445; x_wconf 84' lang='lat' dir='ltr'><strong>effun-</strong></span> 
     </span>
     <span class='ocr_line' id='line_1_21' title="bbox 56 2477 1192 2559; baseline 0.001 -20"><span class='ocrx_word' id='word_1_173' title='bbox 56 2488 82 2540; x_wconf 84' lang='lat' dir='ltr'><strong>tt</strong></span> <span class='ocrx_word' id='word_1_174' title='bbox 96 2477 156 2541; x_wconf 88' lang='lat' dir='ltr'><strong>dere</strong></span> <span class='ocrx_word' id='word_1_175' title='bbox 174 2495 310 2552; x_wconf 89' lang='lat' dir='ltr'><strong>crocum,</strong></span> <span class='ocrx_word' id='word_1_176' title='bbox 333 2480 363 2537; x_wconf 92' lang='lat' dir='ltr'><strong>et</strong></span> <span class='ocrx_word' id='word_1_177' title='bbox 381 2493 475 2556; x_wconf 89' lang='lat' dir='ltr'><strong>usque</strong></span> <span class='ocrx_word' id='word_1_178' title='bbox 494 2477 529 2538; x_wconf 91' lang='lat' dir='ltr'><strong>ad</strong></span> <span class='ocrx_word' id='word_1_179' title='bbox 550 2497 585 2539; x_wconf 92' lang='lat' dir='ltr'><strong>os</strong></span> <span class='ocrx_word' id='word_1_180' title='bbox 604 2477 747 2540; x_wconf 89' lang='lat' dir='ltr'><strong>molestus</strong></span> <span class='ocrx_word' id='word_1_181' title='bbox 765 2478 873 2540; x_wconf 88' lang='lat' dir='ltr'><strong>humor</strong></span> <span class='ocrx_word' id='word_1_182' title='bbox 887 2478 1026 2541; x_wconf 88' lang='lat' dir='ltr'><strong>accidere.</strong></span> <span class='ocrx_word' id='word_1_183' title='bbox 1054 2479 1109 2540; x_wconf 87' lang='lat' dir='ltr'><strong>rati</strong></span> <span class='ocrx_word' id='word_1_184' title='bbox 1123 2497 1192 2559; x_wconf 89' lang='lat' dir='ltr'><strong>ergo</strong></span> 
     </span>
     <span class='ocr_line' id='line_1_22' title="bbox 95 2573 1193 2656; baseline 0.003 -20"><span class='ocrx_word' id='word_1_185' title='bbox 95 2595 201 2641; x_wconf 91' lang='lat' dir='ltr'><strong>sacrum</strong></span> <span class='ocrx_word' id='word_1_186' title='bbox 221 2595 289 2640; x_wconf 88' lang='lat' dir='ltr'><strong>esse</strong></span> <span class='ocrx_word' id='word_1_187' title='bbox 310 2575 477 2655; x_wconf 91' lang='lat' dir='ltr'><strong>peniculum</strong></span> <span class='ocrx_word' id='word_1_188' title='bbox 496 2580 557 2636; x_wconf 91' lang='lat' dir='ltr'><strong>tam</strong></span> <span class='ocrx_word' id='word_1_189' title='bbox 573 2573 711 2653; x_wconf 86' lang='lat' dir='ltr'><strong>religioso</strong></span> <span class='ocrx_word' id='word_1_190' title='bbox 726 2584 868 2656; x_wconf 86' lang='lat' dir='ltr'><strong>apparatu</strong></span> <span class='ocrx_word' id='word_1_191' title='bbox 883 2575 1053 2656; x_wconf 78' lang='lat' dir='ltr'><strong>perfusum,</strong></span> <span class='ocrx_word' id='word_1_192' title='bbox 1068 2594 1193 2640; x_wconf 90' lang='lat' dir='ltr'><strong>censur-</strong></span> 
     </span>
    </p>
   </div>
   <div class='ocr_carea' id='block_1_3' title="bbox 91 2836 1195 4324">
    <p class='ocr_par' dir='ltr' id='par_1_3' title="bbox 91 2836 1195 4324">
     <span class='ocr_line' id='line_1_23' title="bbox 157 2836 1194 2896; baseline -0.002 -4"><span class='ocrx_word' id='word_1_193' title='bbox 157 2843 293 2894; x_wconf 73' lang='lat' dir='ltr'><strong>idenaria</strong></span> <span class='ocrx_word' id='word_1_194' title='bbox 311 2847 359 2892; x_wconf 84' lang='lat' dir='ltr'><strong>cut</strong></span> <span class='ocrx_word' id='word_1_195' title='bbox 375 2839 507 2890; x_wconf 85' lang='lat' dir='ltr'><strong>ducenaria</strong></span> <span class='ocrx_word' id='word_1_196' title='bbox 525 2837 711 2889; x_wconf 79' lang='lat' dir='ltr'><strong>ernunrrus:</strong></span> <span class='ocrx_word' id='word_1_197' title='bbox 734 2839 839 2889; x_wconf 84' lang='lat' dir='ltr'><strong>donaria</strong></span> <span class='ocrx_word' id='word_1_198' title='bbox 856 2836 893 2890; x_wconf 84' lang='lat' dir='ltr'><strong>H.</strong></span> <span class='ocrx_word' id='word_1_199' title='bbox 924 2838 1035 2889; x_wconf 88' lang='lat' dir='ltr'><strong>clunaria</strong></span> <span class='ocrx_word' id='word_1_200' title='bbox 1058 2837 1194 2896; x_wconf 81' lang='lat' dir='ltr'><strong>Putauici.</strong></span> 
     </span>
     <span class='ocr_line' id='line_1_24' title="bbox 95 2908 1194 2976; baseline 0 -14"><span class='ocrx_word' id='word_1_201' title='bbox 95 2911 217 2964; x_wconf 72' lang='lat' dir='ltr'><strong>albanam</strong></span> <span class='ocrx_word' id='word_1_202' title='bbox 229 2911 364 2976; x_wconf 79' lang='lat' dir='ltr'><strong>Heiossics,</strong></span> <span class='ocrx_word' id='word_1_203' title='bbox 377 2912 496 2961; x_wconf 84' lang='lat' dir='ltr'><strong>culinaria</strong></span> <span class='ocrx_word' id='word_1_204' title='bbox 511 2908 693 2973; x_wconf 67' lang='lat' dir='ltr'><strong>likimneuuq</strong></span> <span class='ocrx_word' id='word_1_205' title='bbox 711 2911 853 2961; x_wconf 85' lang='lat' dir='ltr'><strong>tricliniaria</strong></span> <span class='ocrx_word' id='word_1_206' title='bbox 869 2909 927 2965; x_wconf 83' lang='lat' dir='ltr'><strong>Iac.</strong></span> <span class='ocrx_word' id='word_1_207' title='bbox 937 2909 1094 2975; x_wconf 64' lang='lat' dir='ltr'><strong>emouere,</strong></span> <span class='ocrx_word' id='word_1_208' title='bbox 1113 2912 1194 2962; x_wconf 88' lang='lat' dir='ltr'><strong>lunari</strong></span> 
     </span>
     <span class='ocr_line' id='line_1_25' title="bbox 91 2979 1194 3050; baseline -0.005 -13"><span class='ocrx_word' id='word_1_209' title='bbox 91 2999 136 3047; x_wconf 77' lang='lat' dir='ltr'><strong>pre</strong></span> <span class='ocrx_word' id='word_1_210' title='bbox 151 2994 262 3037; x_wconf 68' lang='lat' dir='ltr'><strong>mutata</strong></span> <span class='ocrx_word' id='word_1_211' title='bbox 275 2982 404 3050; x_wconf 82' lang='lat' dir='ltr'><strong>paradeus</strong></span> <span class='ocrx_word' id='word_1_212' title='bbox 424 2979 564 3036; x_wconf 84' lang='lat' dir='ltr'><strong>Iucobsius.</strong></span> <span class='ocrx_word' id='word_1_213' title='bbox 591 2997 645 3032; x_wconf 80' lang='lat' dir='ltr'><strong>reor</strong></span> <span class='ocrx_word' id='word_1_214' title='bbox 655 2980 756 3048; x_wconf 72' lang='lat' dir='ltr'><strong>lougius</strong></span> <span class='ocrx_word' id='word_1_215' title='bbox 769 2981 840 3032; x_wconf 79' lang='lat' dir='ltr'><strong>adest</strong></span> <span class='ocrx_word' id='word_1_216' title='bbox 856 2983 1009 3032; x_wconf 86' lang='lat' dir='ltr'><strong>duodenaria</strong></span> <span class='ocrx_word' id='word_1_217' title='bbox 1098 2990 1123 3033; x_wconf 89' lang='lat' dir='ltr'><strong>et</strong></span> <span class='ocrx_word' id='word_1_218' title='bbox 1140 2984 1194 3048; x_wconf 88' lang='lat' dir='ltr'><strong>qui-</strong></span> 
     </span>
     <span class='ocr_line' id='line_1_26' title="bbox 95 3051 1194 3122; baseline -0.002 -17"><span class='ocrx_word' id='word_1_219' title='bbox 95 3055 145 3105; x_wconf 88' lang='lat' dir='ltr'><strong>dem</strong></span> <span class='ocrx_word' id='word_1_220' title='bbox 155 3058 266 3122; x_wconf 74' lang='lat' dir='ltr'><strong>galeatus</strong></span> <span class='ocrx_word' id='word_1_221' title='bbox 278 3052 468 3120; x_wconf 67' lang='lat' dir='ltr'><strong>torquentibus</strong></span> <span class='ocrx_word' id='word_1_222' title='bbox 479 3051 565 3119; x_wconf 72' lang='lat' dir='ltr'><strong>inscipit</strong></span> <span class='ocrx_word' id='word_1_223' title='bbox 575 3051 613 3105; x_wconf 85' lang='lat'><strong>11.</strong></span> <span class='ocrx_word' id='word_1_224' title='bbox 638 3069 702 3103; x_wconf 77' lang='lat' dir='ltr'><strong>uum</strong></span> <span class='ocrx_word' id='word_1_225' title='bbox 713 3061 739 3104; x_wconf 88' lang='lat' dir='ltr'><strong>et</strong></span> <span class='ocrx_word' id='word_1_226' title='bbox 750 3054 849 3117; x_wconf 84' lang='lat' dir='ltr'><strong>quidem</strong></span> <span class='ocrx_word' id='word_1_227' title='bbox 862 3092 868 3106; x_wconf 92' lang='lat'><strong>.</strong></span> <span class='ocrx_word' id='word_1_228' title='bbox 879 3091 903 3106; x_wconf 91' lang='lat'><strong>..</strong></span> <span class='ocrx_word' id='word_1_229' title='bbox 915 3054 984 3103; x_wconf 89' lang='lat' dir='ltr'><strong>hunc</strong></span> <span class='ocrx_word' id='word_1_230' title='bbox 997 3054 1109 3118; x_wconf 84' lang='lat' dir='ltr'><strong>galeatus</strong></span> <span class='ocrx_word' id='word_1_231' title='bbox 1123 3069 1194 3106; x_wconf 88' lang='lat' dir='ltr'><strong>secu·</strong></span> 
     </span>
     <span class='ocr_line' id='line_1_27' title="bbox 94 3122 1194 3191; baseline 0.004 -19"><span class='ocrx_word' id='word_1_232' title='bbox 94 3126 143 3176; x_wconf 76' lang='lat' dir='ltr'><strong>tuat</strong></span> <span class='ocrx_word' id='word_1_233' title='bbox 248 3130 264 3178; x_wconf 81' lang='lat'><em>8</em></span> <span class='ocrx_word' id='word_1_234' title='bbox 283 3129 390 3178; x_wconf 88' lang='lat' dir='ltr'><strong>obuersa</strong></span> <span class='ocrx_word' id='word_1_235' title='bbox 407 3124 549 3176; x_wconf 80' lang='lat' dir='ltr'><strong>uslausrse</strong></span> <span class='ocrx_word' id='word_1_236' title='bbox 560 3123 685 3176; x_wconf 81' lang='lat' dir='ltr'><strong>Heirssius</strong></span> <span class='ocrx_word' id='word_1_237' title='bbox 792 3125 916 3188; x_wconf 76' lang='lat' dir='ltr'><strong>tsnpina</strong></span> <span class='ocrx_word' id='word_1_238' title='bbox 927 3122 1086 3191; x_wconf 75' lang='lat' dir='ltr'><strong>Sedeffcrusr</strong></span> <span class='ocrx_word' id='word_1_239' title='bbox 1105 3139 1194 3190; x_wconf 89' lang='lat' dir='ltr'><strong>spuma</strong></span> 
     </span>
     <span class='ocr_line' id='line_1_28' title="bbox 95 3193 1193 3263; baseline 0.003 -18"><span class='ocrx_word' id='word_1_240' title='bbox 95 3193 124 3245; x_wconf 86' lang='lat' dir='ltr'><strong><em>H</em></strong></span> <span class='ocrx_word' id='word_1_241' title='bbox 180 3200 270 3263; x_wconf 85' lang='lat' dir='ltr'><strong>potius</strong></span> <span class='ocrx_word' id='word_1_242' title='bbox 281 3212 427 3248; x_wconf 90' lang='lat' dir='ltr'><strong>mucronem</strong></span> <span class='ocrx_word' id='word_1_243' title='bbox 510 3197 600 3247; x_wconf 79' lang='lat' dir='ltr'><strong>frustm</strong></span> <span class='ocrx_word' id='word_1_244' title='bbox 610 3194 644 3246; x_wconf 83' lang='grc' dir='ltr'><em>Η</em></span> <span class='ocrx_word' id='word_1_245' title='bbox 727 3197 876 3260; x_wconf 75' lang='lat' dir='ltr'><strong>dscrophss</strong></span> <span class='ocrx_word' id='word_1_246' title='bbox 886 3194 921 3246; x_wconf 87' lang='grc' dir='ltr'><em>Η</em></span> <span class='ocrx_word' id='word_1_247' title='bbox 1006 3197 1193 3260; x_wconf 85' lang='lat' dir='ltr'><strong>8petscurista·</strong></span> 
     </span>
     <span class='ocr_line' id='line_1_29' title="bbox 95 3264 1105 3331; baseline 0.002 -15"><span class='ocrx_word' id='word_1_248' title='bbox 95 3268 138 3318; x_wconf 90' lang='lat' dir='ltr'><strong>rius</strong></span> <span class='ocrx_word' id='word_1_249' title='bbox 153 3269 186 3321; x_wconf 87' lang='lat' dir='ltr'><em>H</em></span> <span class='ocrx_word' id='word_1_250' title='bbox 278 3271 311 3319; x_wconf 88' lang='lat'><strong>10</strong></span> <span class='ocrx_word' id='word_1_251' title='bbox 329 3269 488 3319; x_wconf 87' lang='lat' dir='ltr'><strong>nunciaretur</strong></span> <span class='ocrx_word' id='word_1_252' title='bbox 505 3265 538 3317; x_wconf 88' lang='grc' dir='ltr'><em>Η</em></span> <span class='ocrx_word' id='word_1_253' title='bbox 630 3267 734 3317; x_wconf 89' lang='lat' dir='ltr'><strong>diductis</strong></span> <span class='ocrx_word' id='word_1_254' title='bbox 751 3264 912 3331; x_wconf 77' lang='lat' dir='ltr'><strong>Sciefferusr</strong></span> <span class='ocrx_word' id='word_1_255' title='bbox 934 3267 1053 3318; x_wconf 88' lang='lat' dir='ltr'><strong>deductus</strong></span> <span class='ocrx_word' id='word_1_256' title='bbox 1070 3265 1105 3318; x_wconf 85' lang='grc' dir='ltr'><em>Η</em></span> 
     </span>
     <span class='ocr_line' id='line_1_30' title="bbox 97 3335 1194 3405; baseline -0.002 -18"><span class='ocrx_word' id='word_1_257' title='bbox 97 3341 125 3387; x_wconf 85' lang='lat' dir='ltr'><strong>ll</strong></span> <span class='ocrx_word' id='word_1_258' title='bbox 137 3340 318 3405; x_wconf 79' lang='lat' dir='ltr'><strong>praeterrnim</strong></span> <span class='ocrx_word' id='word_1_259' title='bbox 335 3355 353 3390; x_wconf 84' lang='lat' dir='ltr'><strong>a</strong></span> <span class='ocrx_word' id='word_1_260' title='bbox 370 3338 477 3390; x_wconf 80' lang='lat' dir='ltr'><strong>librario</strong></span> <span class='ocrx_word' id='word_1_261' title='bbox 495 3345 560 3402; x_wconf 84' lang='lat' dir='ltr'><strong>poro</strong></span> <span class='ocrx_word' id='word_1_262' title='bbox 577 3353 662 3389; x_wconf 87' lang='lat' dir='ltr'><strong>rursus</strong></span> <span class='ocrx_word' id='word_1_263' title='bbox 679 3353 733 3389; x_wconf 89' lang='lat' dir='ltr'><strong>rem</strong></span> <span class='ocrx_word' id='word_1_264' title='bbox 750 3353 843 3388; x_wconf 89' lang='lat' dir='ltr'><strong>nouam</strong></span> <span class='ocrx_word' id='word_1_265' title='bbox 863 3338 949 3387; x_wconf 75' lang='lat' dir='ltr'><strong>notam</strong></span> <span class='ocrx_word' id='word_1_266' title='bbox 972 3336 1016 3387; x_wconf 83' lang='lat' dir='ltr'><strong>usi</strong></span> <span class='ocrx_word' id='word_1_267' title='bbox 1031 3335 1138 3389; x_wconf 77' lang='lat' dir='ltr'><strong>similis.</strong></span> <span class='ocrx_word' id='word_1_268' title='bbox 1165 3343 1194 3386; x_wconf 86' lang='lat' dir='ltr'><strong>ut</strong></span> 
     </span>
     <span class='ocr_line' id='line_1_31' title="bbox 95 3407 1193 3475; baseline -0.006 -14"><span class='ocrx_word' id='word_1_269' title='bbox 95 3414 228 3475; x_wconf 83' lang='lat' dir='ltr'><strong>respicimus</strong></span> <span class='ocrx_word' id='word_1_270' title='bbox 246 3411 406 3463; x_wconf 81' lang='lat' dir='ltr'><strong>Mauselserus</strong></span> <span class='ocrx_word' id='word_1_271' title='bbox 493 3410 592 3474; x_wconf 87' lang='lat' dir='ltr'><strong>aliquod</strong></span> <span class='ocrx_word' id='word_1_272' title='bbox 604 3409 639 3460; x_wconf 88' lang='lat' dir='ltr'><em>H</em></span> <span class='ocrx_word' id='word_1_273' title='bbox 724 3411 756 3458; x_wconf 83' lang='lat'><strong>15</strong></span> <span class='ocrx_word' id='word_1_274' title='bbox 775 3410 918 3472; x_wconf 80' lang='lat' dir='ltr'><strong>gremioque</strong></span> <span class='ocrx_word' id='word_1_275' title='bbox 930 3407 1047 3458; x_wconf 78' lang='lat' dir='ltr'><strong>licentius</strong></span> <span class='ocrx_word' id='word_1_276' title='bbox 1059 3422 1117 3456; x_wconf 81' lang='lat' dir='ltr'><strong>cura</strong></span> <span class='ocrx_word' id='word_1_277' title='bbox 1130 3422 1193 3471; x_wconf 85' lang='lat' dir='ltr'><strong>pro-</strong></span> 
     </span>
     <span class='ocr_line' id='line_1_32' title="bbox 95 3477 1195 3548; baseline -0.004 -18"><span class='ocrx_word' id='word_1_278' title='bbox 95 3482 164 3532; x_wconf 82' lang='lat' dir='ltr'><strong>scissis</strong></span> <span class='ocrx_word' id='word_1_279' title='bbox 180 3484 328 3548; x_wconf 67' lang='lat' dir='ltr'><strong>cupariorum</strong></span> <span class='ocrx_word' id='word_1_280' title='bbox 341 3498 394 3548; x_wconf 91' lang='lat' dir='ltr'><strong>pre</strong></span> <span class='ocrx_word' id='word_1_281' title='bbox 412 3483 454 3545; x_wconf 92' lang='lat' dir='ltr'><strong>qui</strong></span> <span class='ocrx_word' id='word_1_282' title='bbox 471 3482 566 3545; x_wconf 77' lang='lat' dir='ltr'><strong>grando</strong></span> <span class='ocrx_word' id='word_1_283' title='bbox 670 3483 702 3530; x_wconf 84' lang='lat'><strong>16</strong></span> <span class='ocrx_word' id='word_1_284' title='bbox 720 3495 797 3545; x_wconf 87' lang='lat' dir='ltr'><strong>perna</strong></span> <span class='ocrx_word' id='word_1_285' title='bbox 812 3494 883 3542; x_wconf 85' lang='lat' dir='ltr'><strong>susp.</strong></span> <span class='ocrx_word' id='word_1_286' title='bbox 898 3477 1035 3541; x_wconf 76' lang='lat' dir='ltr'><strong>Actorius,</strong></span> <span class='ocrx_word' id='word_1_287' title='bbox 1053 3478 1195 3541; x_wconf 85' lang='lat' dir='ltr'><strong>pomarium</strong></span> 
     </span>
     <span class='ocr_line' id='line_1_33' title="bbox 96 3546 1195 3616; baseline -0.001 -17"><span class='ocrx_word' id='word_1_288' title='bbox 96 3550 198 3605; x_wconf 72' lang='lat' dir='ltr'><strong>Iahnius</strong></span> <span class='ocrx_word' id='word_1_289' title='bbox 289 3559 320 3604; x_wconf 80' lang='lat' dir='ltr'><strong>ll</strong></span> <span class='ocrx_word' id='word_1_290' title='bbox 338 3561 376 3604; x_wconf 87' lang='lat' dir='ltr'><strong>set</strong></span> <span class='ocrx_word' id='word_1_291' title='bbox 392 3552 499 3616; x_wconf 76' lang='lat' dir='ltr'><strong>scripsi:</strong></span> <span class='ocrx_word' id='word_1_292' title='bbox 518 3558 543 3602; x_wconf 85' lang='lat' dir='ltr'><strong>et</strong></span> <span class='ocrx_word' id='word_1_293' title='bbox 551 3551 586 3604; x_wconf 87' lang='grc' dir='ltr'><em>Η</em></span> <span class='ocrx_word' id='word_1_294' title='bbox 591 3549 662 3616; x_wconf 81' lang='lat' dir='ltr'><strong>quod</strong></span> <span class='ocrx_word' id='word_1_295' title='bbox 673 3568 725 3602; x_wconf 80' lang='lat' dir='ltr'><strong>uere</strong></span> <span class='ocrx_word' id='word_1_296' title='bbox 736 3549 820 3601; x_wconf 71' lang='lat' dir='ltr'><strong>tueris</strong></span> <span class='ocrx_word' id='word_1_297' title='bbox 831 3547 969 3616; x_wconf 66' lang='lat' dir='ltr'><strong>defendere</strong></span> <span class='ocrx_word' id='word_1_298' title='bbox 980 3564 1030 3599; x_wconf 82' lang='lat' dir='ltr'><strong>usu</strong></span> <span class='ocrx_word' id='word_1_299' title='bbox 1041 3546 1137 3613; x_wconf 75' lang='lat' dir='ltr'><strong>Apulei</strong></span> <span class='ocrx_word' id='word_1_300' title='bbox 1148 3547 1195 3614; x_wconf 82' lang='lat' dir='ltr'><strong>qui</strong></span> 
     </span>
     <span class='ocr_line' id='line_1_34' title="bbox 95 3618 1194 3691; baseline -0.003 -19"><span class='ocrx_word' id='word_1_301' title='bbox 95 3622 120 3672; x_wconf 86' lang='lat' dir='ltr'><strong>irs</strong></span> <span class='ocrx_word' id='word_1_302' title='bbox 130 3625 306 3691; x_wconf 79' lang='lat' dir='ltr'><strong>temporalibus</strong></span> <span class='ocrx_word' id='word_1_303' title='bbox 318 3625 396 3676; x_wconf 79' lang='lat' dir='ltr'><strong>huius</strong></span> <span class='ocrx_word' id='word_1_304' title='bbox 404 3623 506 3691; x_wconf 74' lang='lat' dir='ltr'><strong>perceris</strong></span> <span class='ocrx_word' id='word_1_305' title='bbox 519 3624 659 3673; x_wconf 66' lang='lat' dir='ltr'><strong>marciatis</strong></span> <span class='ocrx_word' id='word_1_306' title='bbox 671 3632 696 3673; x_wconf 85' lang='lat' dir='ltr'><strong>et</strong></span> <span class='ocrx_word' id='word_1_307' title='bbox 707 3621 811 3686; x_wconf 82' lang='lat' dir='ltr'><strong>saepius</strong></span> <span class='ocrx_word' id='word_1_308' title='bbox 823 3637 882 3672; x_wconf 88' lang='lat' dir='ltr'><strong>cum</strong></span> <span class='ocrx_word' id='word_1_309' title='bbox 888 3618 1038 3684; x_wconf 79' lang='lat' dir='ltr'><strong>particulos</strong></span> <span class='ocrx_word' id='word_1_310' title='bbox 1048 3619 1101 3669; x_wconf 84' lang='lat' dir='ltr'><strong>loco</strong></span> <span class='ocrx_word' id='word_1_311' title='bbox 1108 3619 1194 3685; x_wconf 80' lang='lat' dir='ltr'><strong>pessit.</strong></span> 
     </span>
     <span class='ocr_line' id='line_1_35' title="bbox 96 3692 1194 3758; baseline 0.001 -16"><span class='ocrx_word' id='word_1_312' title='bbox 96 3696 256 3748; x_wconf 82' lang='lat' dir='ltr'><strong>eanirssius</strong></span> <span class='ocrx_word' id='word_1_313' title='bbox 347 3699 379 3746; x_wconf 89' lang='lat'><strong>18</strong></span> <span class='ocrx_word' id='word_1_314' title='bbox 398 3697 482 3745; x_wconf 91' lang='lat' dir='ltr'><strong>missio</strong></span> <span class='ocrx_word' id='word_1_315' title='bbox 500 3694 604 3758; x_wconf 81' lang='lat' dir='ltr'><strong>scripsia</strong></span> <span class='ocrx_word' id='word_1_316' title='bbox 622 3695 734 3745; x_wconf 90' lang='lat' dir='ltr'><strong>remissio</strong></span> <span class='ocrx_word' id='word_1_317' title='bbox 746 3692 781 3744; x_wconf 87' lang='grc' dir='ltr'><em>Η</em></span> <span class='ocrx_word' id='word_1_318' title='bbox 846 3693 889 3743; x_wconf 90' lang='lat' dir='ltr'><strong>hic</strong></span> <span class='ocrx_word' id='word_1_319' title='bbox 907 3692 993 3742; x_wconf 83' lang='lat' dir='ltr'><strong>reiecit</strong></span> <span class='ocrx_word' id='word_1_320' title='bbox 1007 3698 1139 3757; x_wconf 84' lang='lat' dir='ltr'><strong>corrupto.</strong></span> <span class='ocrx_word' id='word_1_321' title='bbox 1150 3707 1194 3743; x_wconf 84' lang='lat' dir='ltr'><strong>rse-</strong></span> 
     </span>
     <span class='ocr_line' id='line_1_36' title="bbox 96 3762 1195 3831; baseline -0.005 -12"><span class='ocrx_word' id='word_1_322' title='bbox 96 3779 139 3827; x_wconf 72' lang='lat' dir='ltr'><strong>quc</strong></span> <span class='ocrx_word' id='word_1_323' title='bbox 154 3777 282 3819; x_wconf 77' lang='lat' dir='ltr'><strong>smsonuer</strong></span> <span class='ocrx_word' id='word_1_324' title='bbox 298 3768 322 3817; x_wconf 90' lang='lat' dir='ltr'><strong>si</strong></span> <span class='ocrx_word' id='word_1_325' title='bbox 338 3769 401 3818; x_wconf 86' lang='lat' dir='ltr'><strong>mire</strong></span> <span class='ocrx_word' id='word_1_326' title='bbox 419 3783 438 3816; x_wconf 82' lang='lat' dir='ltr'><strong>a</strong></span> <span class='ocrx_word' id='word_1_327' title='bbox 455 3765 572 3816; x_wconf 77' lang='lat' dir='ltr'><strong>Iccclrsie</strong></span> <span class='ocrx_word' id='word_1_328' title='bbox 590 3773 638 3816; x_wconf 87' lang='lat' dir='ltr'><strong>cut</strong></span> <span class='ocrx_word' id='word_1_329' title='bbox 653 3767 689 3816; x_wconf 91' lang='lat' dir='ltr'><strong>sic</strong></span> <span class='ocrx_word' id='word_1_330' title='bbox 707 3763 881 3831; x_wconf 72' lang='lat' dir='ltr'><strong>adsuenpserr&#39;s</strong></span> <span class='ocrx_word' id='word_1_331' title='bbox 898 3763 1022 3828; x_wconf 78' lang='lat' dir='ltr'><strong>quereiam</strong></span> <span class='ocrx_word' id='word_1_332' title='bbox 1036 3762 1195 3814; x_wconf 73' lang='lat' dir='ltr'><strong>centres-ium</strong></span> 
     </span>
     <span class='ocr_line' id='line_1_37' title="bbox 96 3833 1195 3902; baseline -0.005 -12"><span class='ocrx_word' id='word_1_333' title='bbox 96 3836 221 3900; x_wconf 62' lang='lat' dir='ltr'><strong>eeucado</strong></span> <span class='ocrx_word' id='word_1_334' title='bbox 233 3838 394 3902; x_wconf 64' lang='lat' dir='ltr'><strong>masculum,</strong></span> <span class='ocrx_word' id='word_1_335' title='bbox 407 3839 506 3902; x_wconf 82' lang='lat' dir='ltr'><strong>infregit</strong></span> <span class='ocrx_word' id='word_1_336' title='bbox 518 3837 561 3888; x_wconf 86' lang='lat' dir='ltr'><strong>uel</strong></span> <span class='ocrx_word' id='word_1_337' title='bbox 570 3838 732 3902; x_wconf 83' lang='lat' dir='ltr'><strong>refrigerauit,</strong></span> <span class='ocrx_word' id='word_1_338' title='bbox 744 3833 923 3901; x_wconf 65' lang='lat' dir='ltr'><strong>subsequentis</strong></span> <span class='ocrx_word' id='word_1_339' title='bbox 933 3833 1066 3902; x_wconf 67' lang='lat' dir='ltr'><strong>flsp‘tcrrt.</strong></span> <span class='ocrx_word' id='word_1_340' title='bbox 1089 3851 1126 3884; x_wconf 83' lang='lat' dir='ltr'><strong>aar</strong></span> <span class='ocrx_word' id='word_1_341' title='bbox 1134 3841 1195 3884; x_wconf 68' lang='lat' dir='ltr'><strong>assu</strong></span> 
     </span>
     <span class='ocr_line' id='line_1_38' title="bbox 97 3904 1194 3974; baseline -0.003 -17"><span class='ocrx_word' id='word_1_342' title='bbox 97 3915 229 3974; x_wconf 84' lang='lat' dir='ltr'><strong>strepente</strong></span> <span class='ocrx_word' id='word_1_343' title='bbox 249 3910 366 3962; x_wconf 68' lang='lat' dir='ltr'><strong>subotae</strong></span> <span class='ocrx_word' id='word_1_344' title='bbox 389 3909 441 3961; x_wconf 73' lang='lat' dir='ltr'><strong>trae</strong></span> <span class='ocrx_word' id='word_1_345' title='bbox 461 3908 604 3960; x_wconf 69' lang='lat' dir='ltr'><strong>hilaritatis</strong></span> <span class='ocrx_word' id='word_1_346' title='bbox 622 3908 715 3959; x_wconf 61' lang='lat' dir='ltr'><strong>meuse</strong></span> <span class='ocrx_word' id='word_1_347' title='bbox 725 3907 805 3973; x_wconf 82' lang='lat' dir='ltr'><strong>factu</strong></span> <span class='ocrx_word' id='word_1_348' title='bbox 822 3905 897 3959; x_wconf 73' lang='lat' dir='ltr'><strong>erat?</strong></span> <span class='ocrx_word' id='word_1_349' title='bbox 989 3908 1022 3956; x_wconf 75' lang='lat'><strong>20</strong></span> <span class='ocrx_word' id='word_1_350' title='bbox 1042 3920 1070 3955; x_wconf 86' lang='lat' dir='ltr'><strong>os</strong></span> <span class='ocrx_word' id='word_1_351' title='bbox 1088 3904 1194 3971; x_wconf 79' lang='lat' dir='ltr'><strong>scripsi:</strong></span> 
     </span>
     <span class='ocr_line' id='line_1_39' title="bbox 97 3976 1194 4046; baseline 0 -18"><span class='ocrx_word' id='word_1_352' title='bbox 97 3991 136 4028; x_wconf 87' lang='lat' dir='ltr'><strong>uos</strong></span> <span class='ocrx_word' id='word_1_353' title='bbox 153 3979 186 4031; x_wconf 87' lang='lat' dir='ltr'><em>H</em></span> <span class='ocrx_word' id='word_1_354' title='bbox 283 3983 395 4032; x_wconf 87' lang='lat' dir='ltr'><strong>accidere</strong></span> <span class='ocrx_word' id='word_1_355' title='bbox 412 3980 506 4046; x_wconf 82' lang='lat' dir='ltr'><strong>scripsi</strong></span> <span class='ocrx_word' id='word_1_356' title='bbox 522 3980 559 4030; x_wconf 86' lang='lat' dir='ltr'><strong>sie</strong></span> <span class='ocrx_word' id='word_1_357' title='bbox 576 3988 607 4030; x_wconf 85' lang='lat' dir='ltr'><strong>ut</strong></span> <span class='ocrx_word' id='word_1_358' title='bbox 622 3995 694 4044; x_wconf 79' lang='lat' dir='ltr'><strong>aqua</strong></span> <span class='ocrx_word' id='word_1_359' title='bbox 711 3978 816 4029; x_wconf 73' lang='lat' dir='ltr'><strong>hrenum</strong></span> <span class='ocrx_word' id='word_1_360' title='bbox 826 3977 945 4030; x_wconf 67' lang='lat' dir='ltr'><strong>ceddere</strong></span> <span class='ocrx_word' id='word_1_361' title='bbox 962 3977 1006 4028; x_wconf 83' lang='lat' dir='ltr'><strong>uel</strong></span> <span class='ocrx_word' id='word_1_362' title='bbox 1022 3991 1063 4027; x_wconf 87' lang='lat' dir='ltr'><strong>res</strong></span> <span class='ocrx_word' id='word_1_363' title='bbox 1081 3976 1119 4028; x_wconf 80' lang='lat' dir='ltr'><strong>ad</strong></span> <span class='ocrx_word' id='word_1_364' title='bbox 1136 3991 1194 4028; x_wconf 80' lang='lat' dir='ltr'><strong>cess·</strong></span> 
     </span>
     <span class='ocr_line' id='line_1_40' title="bbox 97 4046 1195 4104; baseline -0.003 -4"><span class='ocrx_word' id='word_1_365' title='bbox 97 4046 128 4097; x_wconf 84' lang='lat' dir='ltr'><strong>los</strong></span> <span class='ocrx_word' id='word_1_366' title='bbox 149 4068 224 4103; x_wconf 71' lang='lat' dir='ltr'><strong>crues</strong></span> <span class='ocrx_word' id='word_1_367' title='bbox 247 4053 363 4104; x_wconf 79' lang='lat' dir='ltr'><strong>animum</strong></span> <span class='ocrx_word' id='word_1_368' title='bbox 385 4051 503 4103; x_wconf 65' lang='lat' dir='ltr'><strong>camdus</strong></span> <span class='ocrx_word' id='word_1_369' title='bbox 521 4050 670 4102; x_wconf 67' lang='lat' dir='ltr'><strong>dicebam:</strong></span> <span class='ocrx_word' id='word_1_370' title='bbox 693 4051 811 4101; x_wconf 87' lang='lat' dir='ltr'><strong>accedere</strong></span> <span class='ocrx_word' id='word_1_371' title='bbox 829 4050 865 4101; x_wconf 86' lang='lat' dir='ltr'><strong>H.</strong></span> <span class='ocrx_word' id='word_1_372' title='bbox 905 4050 1038 4100; x_wconf 85' lang='lat' dir='ltr'><strong>molestum</strong></span> <span class='ocrx_word' id='word_1_373' title='bbox 1062 4049 1195 4098; x_wconf 89' lang='lat' dir='ltr'><strong>humorem</strong></span> 
     </span>
     <span class='ocr_line' id='line_1_41' title="bbox 98 4120 1195 4190; baseline -0.001 -21"><span class='ocrx_word' id='word_1_374' title='bbox 98 4121 235 4187; x_wconf 86' lang='lat' dir='ltr'><strong>adspergere</strong></span> <span class='ocrx_word' id='word_1_375' title='bbox 260 4124 371 4175; x_wconf 82' lang='lat' dir='ltr'><strong>Walalius</strong></span> <span class='ocrx_word' id='word_1_376' title='bbox 384 4141 414 4190; x_wconf 91' lang='lat' dir='ltr'><strong>p.</strong></span> <span class='ocrx_word' id='word_1_377' title='bbox 434 4125 469 4174; x_wconf 74' lang='lat'><strong>34</strong></span> <span class='ocrx_word' id='word_1_378' title='bbox 583 4125 615 4172; x_wconf 79' lang='lat'><strong>21</strong></span> <span class='ocrx_word' id='word_1_379' title='bbox 637 4122 779 4186; x_wconf 87' lang='lat' dir='ltr'><strong>peniculum</strong></span> <span class='ocrx_word' id='word_1_380' title='bbox 801 4120 956 4186; x_wconf 70' lang='lat' dir='ltr'><strong>Scheffsrus.</strong></span> <span class='ocrx_word' id='word_1_381' title='bbox 986 4120 1009 4170; x_wconf 88' lang='lat' dir='ltr'><strong>is</strong></span> <span class='ocrx_word' id='word_1_382' title='bbox 1029 4120 1112 4183; x_wconf 84' lang='lat' dir='ltr'><strong>paulo</strong></span> <span class='ocrx_word' id='word_1_383' title='bbox 1134 4125 1195 4169; x_wconf 82' lang='lat' dir='ltr'><strong>autc</strong></span> 
     </span>
     <span class='ocr_line' id='line_1_42' title="bbox 99 4187 1094 4262; baseline -0.001 -19"><span class='ocrx_word' id='word_1_384' title='bbox 99 4187 219 4244; x_wconf 58' lang='lat' dir='ltr'><strong>&amp;modus</strong></span> <span class='ocrx_word' id='word_1_385' title='bbox 242 4198 363 4259; x_wconf 60' lang='lat' dir='ltr'><strong>peruium</strong></span> <span class='ocrx_word' id='word_1_386' title='bbox 381 4193 574 4262; x_wconf 75' lang='lat' dir='ltr'><strong>appellabatur:</strong></span> <span class='ocrx_word' id='word_1_387' title='bbox 591 4193 730 4261; x_wconf 85' lang='lat' dir='ltr'><strong>perieulum</strong></span> <span class='ocrx_word' id='word_1_388' title='bbox 747 4191 784 4245; x_wconf 85' lang='lat' dir='ltr'><strong>H.</strong></span> <span class='ocrx_word' id='word_1_389' title='bbox 814 4193 944 4245; x_wconf 67' lang='lat' dir='ltr'><strong>fruenlum</strong></span> <span class='ocrx_word' id='word_1_390' title='bbox 957 4190 1094 4244; x_wconf 60' lang='lat' dir='ltr'><strong>Redeamus</strong></span> 
     </span>
     <span class='ocr_line' id='line_1_43' title="bbox 99 4263 325 4324; baseline 0.022 -11"><span class='ocrx_word' id='word_1_391' title='bbox 99 4263 184 4324; x_wconf 79' lang='lat' dir='ltr'><strong>pertusi</strong></span> <span class='ocrx_word' id='word_1_392' title='bbox 201 4265 325 4320; x_wconf 76' lang='lat' dir='ltr'><strong>Heinsius</strong></span> 
     </span>
    </p>
   </div>
   <div class='ocr_carea' id='block_1_4' title="bbox 0 0 1527 4956">
    <p class='ocr_par' dir='ltr' id='par_1_4' title="bbox 0 0 1527 4956">
     <span class='ocr_line' id='line_1_44' title="bbox 0 0 1527 4956; baseline 0 0"><span class='ocrx_word' id='word_1_393' title='bbox 0 0 1527 4956; x_wconf 95' lang='lat' dir='ltr'><strong> </strong></span> 
     </span>
    </p>
   </div>
  </div>
 </body>
</html>
