3022 4956
328 449 389 514 146
802 444 960 500 unuuottss

325 599 504 682 Eumolpum
533 601 683 664 sedentem
708 601 956 681 membranaeque
980 599 1089 680 ingenti
1114 615 1218 662 versus
1244 599 1461 678 ingerentemt

325 698 421 762 musti
437 716 517 779 ergo,
533 701 613 781 quod
627 699 667 762 illi
683 705 798 762 vacaret
811 699 841 760 in
856 698 960 761 vicinia
975 699 1080 760 mortis
1095 716 1201 778 poema
1216 698 1322 770 facere,
1336 704 1429 758 entra-

326 796 424 860 bimus
440 797 612 860 clamantem
627 798 820 876 iubemusque
834 796 942 859 bonam
958 797 1065 859 babere
1076 804 1214 858 mentem.
1246 805 1277 859 at
1287 797 1331 858 ille
1341 795 1428 858 inter-

325 895 448 976 pellatos
465 896 618 958 excanduit
631 903 660 957 et
670 886 775 958 ‘sinite
789 885 849 956 me‘
864 895 961 976 inquit
971 885 1164 957 ‘sententiam
1179 895 1310 975 explere3
1324 893 1430 956 laborat

326 1013 444 1056 mrrnen
458 994 488 1056 in
503 984 585 1056 fine'.
614 993 701 1055 inicio
716 1013 770 1074 ego
785 994 956 1076 phrenetico
971 1010 1092 1056 manum
1107 994 1254 1074 iubeoque
1264 993 1368 1055 Gitona
1382 1009 1427 1052 ac·
1442 1007 1455 1055 o

326 1093 428 1156 cadus
443 1099 473 1154 et
486 1092 517 1154 in
531 1099 639 1154 terram
653 1093 769 1155 trabere
783 1100 902 1172 poetam
917 1093 1096 1172 mugientem

863 1202 885 1242 es

409 1275 468 1336 hoc
487 1293 575 1354 opere
590 1275 708 1336 tandem
725 1275 872 1338 elaborato
888 1295 985 1338 casam
1002 1276 1190 1356 piscatoriam
1204 1273 1338 1336 subimus
1353 1293 1428 1336 mae-

325 1381 437 1448 rentes,
463 1373 593 1453 cibisque
613 1373 765 1453 naufragio
788 1374 934 1454 corruptis
956 1379 1103 1453 utcunque
1124 1373 1215 1435 curati
1234 1371 1426 1434 tristissimam

326 1471 475 1550 exegimus
490 1477 616 1533 noctem.
646 1481 765 1553 postero
782 1473 837 1545 die,
854 1492 921 1535 cum
936 1490 1115 1553 poneremus
1130 1471 1300 1544 consilinm,
1315 1469 1363 1554 opi
1376 1487 1426 1532 nos

325 1567 437 1648 regioni
453 1569 653 1643 crederemus,
673 1577 793 1650 repente
812 1569 895 1632 video
916 1588 1023 1650 corpus
1045 1571 1208 1632 humanum
1225 1571 1425 1632 circumactum
1442 1575 1467 1625 lo

325 1668 379 1730 levi
398 1668 507 1730 verdae
527 1659 564 1730 ad
582 1668 651 1731 litus
671 1668 787 1731 deferri.
817 1668 934 1732 substiti
951 1687 1021 1748 ergo
1036 1670 1129 1731 tristis
1147 1670 1289 1750 coepique
1303 1667 1427 1730 umenti-

325 1768 380 1830 bus
396 1767 489 1830 oculis
504 1765 594 1828 maris
609 1766 697 1828 tidem
710 1765 855 1846 inspicere
867 1775 896 1828 et
906 1757 1002 1829 ‘huno
1012 1759 1145 1830 forsitan'
1159 1767 1312 1848 proclamo
1325 1758 1371 1827 ‘in
1381 1765 1427 1826 ali-

327 1885 382 1947 qua
397 1867 636 1946 parte'terramm
649 1883 751 1926 secura
764 1872 897 1944 expectat
908 1884 991 1940 uxor,
1005 1866 1130 1928 forsitan
1143 1866 1262 1946 ignarus
1273 1871 1427 1944 tempesta-

326 1963 364 2026 tis
379 1964 464 2040 tibus,
479 1972 529 2026 aut
542 1964 663 2026 fratrem
679 1962 780 2042 utique
794 1963 911 2043 reliquit
926 1964 1059 2043 aliquem,
1075 1964 1121 2026 oui
1136 1964 1329 2043 proficiscens
1346 1980 1427 2023 oscu-
1506 2035 1507 2050 ,

325 2062 386 2124 lum
402 2062 489 2123 dedit
520 2062 591 2122 haec
606 2067 675 2122 sunt
689 2061 810 2123 consilia
828 2061 1008 2134 mortalium,
1024 2061 1175 2123 haecrota
1191 2080 1363 2140 magnarum
1379 2079 1425 2121 co·
1441 2071 1463 2118 15
1506 2091 1507 2138 q

324 2161 509 2242 gitationum.
539 2176 576 2220 en
591 2159 681 2220 bomo
697 2159 945 2238 quemadmodum
961 2151 1059 2220 natat.³
1089 2160 1184 2221 adbuc
1198 2168 1338 2240 tanquam
1350 2161 1426 2239 igno·
1506 2143 1507 2196 l

324 2265 388 2320 tum
403 2256 553 2330 dedebam,
569 2276 635 2320 cnm
652 2258 820 2320 inviolatum
836 2276 870 2318 os
886 2257 993 2320 lluctns
1010 2257 1153 2319 convertit
1166 2257 1197 2318 in
1209 2265 1328 2334 terram,
1344 2276 1425 2339 agno·

324 2355 410 2435 vique
428 2354 586 2417 terribilem
608 2357 696 2435 paulo
717 2362 784 2416 ante
805 2363 833 2415 et
853 2355 1064 2436 implacabilem
1080 2355 1199 2418 Licham
1220 2356 1346 2434 pedibus
1361 2354 1425 2418 meis

324 2471 415 2534 paene
435 2453 607 2516 subiectum.
637 2473 698 2516 non
713 2454 795 2516 tenui
810 2453 897 2532 igitur
912 2454 1021 2516 diutius
1037 2454 1181 2527 lacrimas,
1195 2454 1286 2516 immo
1303 2451 1426 2533 percussi

251 2606 258 2619 ,
325 2552 417 2615 semel
431 2552 596 2633 iterumque
611 2552 746 2614 manibus
762 2559 864 2632 pectus
881 2561 910 2614 et
920 2545 986 2614 ‘ubi
1002 2571 1081 2614 nunc
1096 2546 1152 2614 est'
1166 2554 1286 2632 inquam
1298 2545 1423 2614 ‘irarum
1437 2560 1462 2610 to

324 2652 371 2714 dia
385 2659 449 2726 tua,
478 2651 529 2713 ubi
549 2651 721 2730 impotentia
737 2643 809 2713 tua?
838 2670 945 2732 nempe
959 2651 1090 2731 piscibus
1110 2650 1262 2730 beluisque
1282 2650 1424 2731 expositus

324 2771 366 2824 es,
383 2757 412 2812 et
426 2750 475 2831 qni
490 2749 577 2830 paulo
594 2757 660 2811 ante
674 2749 801 2811 iactabas
816 2749 891 2810 vires
907 2748 1022 2829 imperii
1036 2749 1094 2823 tui,
1117 2749 1152 2810 de
1166 2757 1226 2810 tam
1241 2766 1348 2827 magna
1362 2765 1424 2810 nave

398 2974 606 3037 lidumolpiumt
685 2975 898 3038 membranaquet
981 2990 1080 3024 uersum
1091 2973 1263 3026 Memmianus
1341 2974 1422 3038 equid

324 3041 350 3094 L
430 3046 582 3095 extraximus
596 3052 630 3110 pt
709 3047 724 3094 3
744 3047 925 3096 declamantem
938 3044 1079 3111 Iacodsius,
1099 3049 1223 3097 calamum
1235 3047 1361 3098 Bacchius
1505 3031 1506 3120 ]

619 3163 628 3177 ,
865 3126 948 3167 oetam
1505 3121 1506 3174 l

325 3187 340 3233 5
359 3185 441 3236 iniicio
454 3183 514 3235 libri
585 3185 695 3236 Guitone
707 3188 732 3235 L
813 3191 827 3236 6
846 3132 945 3252 gorram
957 3187 981 3237 L
995 3203 1027 3238 ea·
1040 3187 1215 3238 emendatione
1227 3178 1422 3254 scalqem‘u-
1505 3179 1506 3236 l

324 3263 365 3306 tus
377 3255 457 3307 codsa
474 3251 556 3323 porti'
572 3256 694 3307 Pithoeus
705 3274 735 3322 p.
749 3262 800 3322 62,
810 3273 913 3322 porcam
920 3267 960 3325 pr.
988 3262 1097 3325 phocam
1109 3261 1210 3324 Danaa,
1225 3276 1310 3310 orcam
1322 3259 1422 3324 Juqu-

322 3345 435 3380 rnannus
577 3331 722 3379 metientem
740 3327 1096 3395 Moaaoemajmuginanrem
1114 3331 1236 3382 incertus.
1274 3332 1422 3382 clamauerat

323 3401 385 3451 dum
404 3399 549 3452 emirabitur
566 3416 598 3451 en
616 3415 722 3464 secessu,
741 3401 794 3451 iana
813 3400 875 3450 dum
892 3402 920 3452 in
940 3410 1036 3452 terram
1055 3403 1169 3454 trabitur
1181 3403 1264 3468 plone
1282 3403 1362 3470 mupit

323 3481 373 3522 tres
397 3473 530 3524 astensem
552 3473 581 3523 in
602 3487 681 3523 uersu
699 3472 845 3536 interposita
865 3480 875 3521 t
892 3473 974 3536 babet,
993 3489 1108 3538 unump
1128 3475 1191 3524 etin
1208 3475 1326 3540 narpine
1343 3474 1368 3523 L
1384 3469 1422 3536 qui

323 3544 410 3610 iamqit
420 3547 579 3609 mugientem.
598 3547 649 3593 hoc
756 3547 770 3594 9
790 3558 939 3607 poneremus
958 3561 1010 3595 nan
1031 3545 1190 3596 tralaticium
1207 3546 1236 3596 in
1254 3545 1303 3596 bac
1322 3544 1420 3596 duum

324 3613 431 3664 uerbum
447 3616 519 3665 uelut
536 3631 680 3680 caperemus
700 3623 750 3664 aut
763 3616 889 3668 iniremus.
927 3631 1132 3681 componeremus
1150 3615 1289 3682 Scioppius

326 3687 358 3734 10
379 3687 536 3736 crederemur
553 3686 678 3737 Heinsius
770 3688 800 3735 ll
820 3688 914 3737 nartiac
933 3687 957 3736 L
977 3704 1034 3737 curn
1050 3687 1167 3753 nearpine
1186 3696 1208 3738 t:
1226 3691 1320 3739 uertice
1327 3693 1360 3751 pt

321 3757 388 3804 littus
401 3756 426 3804 L
504 3750 549 3810 ‘ad
563 3752 620 3822 ego’
633 3757 754 3808 Pithoeus
827 3748 969 3808 ‘liuentibus
982 3757 1076 3811 Faber.
1089 3761 1248 3825 uincentibus,
1261 3746 1418 3809 humentibus'

321 3841 410 3891 marqo
419 3832 440 3875 t:
453 3828 590 3878 uiuentibus
602 3829 670 3882 libri.
689 3829 819 3878 ouantibus
832 3829 947 3893 Lipsius,
961 3831 1115 3894 diligentibus
1125 3830 1342 3897 Iunyermannus.
1365 3825 1419 3877 scri·

317 3903 394 3961 ptum
408 3900 547 3948 umentibus
557 3899 645 3964 fuisse
655 3900 764 3966 suestra
782 3899 846 3949 alios
864 3908 998 3951 monuerat
1014 3900 1174 3952 Muncleerus
1265 3906 1297 3951 12
1316 3902 1420 3951 exclamo

317 3967 405 4032 primo
414 3967 511 4033 suerat
527 3969 556 4019 in
574 3971 599 4020 L
708 3974 741 4021 14
760 3971 853 4036 scripsi
871 3973 972 4023 fratrem
991 3972 1092 4037 qualem
1112 3972 1207 4024 Gitonis
1225 3973 1363 4038 Encolpius
1379 3968 1420 4018 lto·
1504 3981 1505 4036 l

322 4037 408 4100 habau
426 4038 485 4088 item
503 4039 648 4091 Iacobsius:
667 4051 764 4107 putrem
782 4043 842 4092 libri
961 4045 1045 4107 utique
1063 4061 1110 4094 arn.
1124 4043 1149 4094 L
1256 4046 1360 4108 aliquam
1378 4055 1418 4089 on.

321 4109 708 4177 nemorumnemorum
726 4115 834 4165 Danaae
961 4117 992 4164 16
1013 4122 1086 4165 natus
1103 4131 1193 4180 usurpo
1212 4122 1223 4164 t
1340 4115 1370 4162 19
1388 4112 1418 4159 ls-

321 4197 418 4250 crymss
436 4180 462 4232 L
567 4184 617 4233 imo
636 4184 661 4232 L
768 4188 801 4236 20
819 4201 897 4236 manu
909 4193 945 4250 pt
1051 4190 1084 4236 22
1102 4187 1211 4253 imperii]
1230 4185 1316 4237 media
1327 4180 1418 4252 quoto

320 4269 372 4306 non
385 4252 524 4320 perspicue
541 4253 647 4320 raupta,
665 4255 753 4321 itaque
772 4271 798 4307 er
817 4271 896 4322 super
908 4257 1022 4323 posituro
1039 4257 1068 4310 in
1085 4259 1111 4308 L
