3078 4956
592 431 736 488 sulthen
1157 437 1217 500 173

103 596 118 648 1
132 590 175 652 111
189 609 242 654 me:
257 607 311 652 nec
322 589 442 670 auguria
454 588 524 650 novi
536 605 591 651 nec
601 587 875 651 mathematicorum
888 588 998 651 caelum
1011 605 1113 652 curare
1125 590 1218 665 soleo,

34 727 35 734 1
130 707 158 747 er
171 688 285 750 vultibus
300 696 399 750 tamen
415 687 569 748 bominum
584 704 683 747 mores
698 687 815 766 colligo,
836 695 945 751 etcum
961 687 1137 767 spatiantem
1152 688 1220 762 uidi,

34 809 35 824 ¹
130 787 187 865 quid
205 787 309 865 cogitet
327 787 399 849 scio.
430 787 491 848 sive
511 804 580 865 ergo
599 785 686 846 nobis
701 785 801 848 vendis
815 785 894 864 quod
909 793 989 865 peto,
1005 794 1151 850 mercator
1165 805 1219 866 pa-

131 892 197 945 ratus
211 892 266 954 est,
283 885 343 946 sive
359 884 438 964 quod
454 884 612 946 humanius
627 890 681 957 est
696 883 882 954 commodas,
901 881 984 944 ellice
999 891 1031 944 ut
1045 884 1218 947 beneficium
1271 895 1274 906 '

34 1005 36 1060 i
107 992 118 1038 5
132 981 284 1044 debeamus.
314 1001 384 1045 nam
401 984 481 1064 quod
498 1000 613 1044 servum
629 988 657 1041 te
672 989 702 1043 et
716 979 975 1053 condemneris,
991 983 1127 1044 accendis
1139 983 1218 1045 desi·

131 1080 226 1142 derium
246 1081 414 1142 aestuantis.
445 1079 585 1160 quaedam
602 1079 680 1140 enim
695 1079 820 1141 feminae
836 1077 974 1140 sordibus
990 1081 1096 1155 calent,
1115 1099 1170 1144 nec
1183 1081 1219 1142 li-

131 1177 242 1240 bidinem
258 1179 405 1241 concitant
419 1177 475 1238 nisi
491 1186 540 1239 aut
551 1196 651 1239 servos
664 1176 789 1239 viderint
800 1185 850 1239 aut
861 1184 987 1239 statores
1000 1179 1084 1240 altius
1096 1180 1219 1243 cinctos.

131 1277 221 1339 harena
235 1278 305 1340 alias
321 1275 455 1338 accendit
468 1284 518 1338 aut
530 1275 667 1355 perinsus
683 1275 801 1355 puluere
815 1275 906 1336 mulio
922 1283 971 1338 ant
981 1277 1087 1339 histrio
1099 1295 1221 1341 scaenae

131 1376 308 1437 ostentatione
322 1374 486 1437 traductus.
516 1393 551 1436 er
566 1373 620 1436 hac
634 1381 704 1436 nota
721 1374 840 1436 domina
855 1381 901 1435 est
915 1391 994 1435 mea:
1009 1393 1102 1456 usque
1116 1375 1152 1438 ab
1168 1395 1219 1438 cr-

34 1515 35 1518 ,
96 1483 117 1533 tt
130 1473 229 1536 chestre
245 1473 323 1536 IIIIIl
338 1474 463 1536 transilit
476 1481 505 1535 et
519 1474 548 1535 in
564 1481 693 1535 exuema
708 1471 793 1553 plebe
807 1473 920 1552 quaerit
934 1472 1013 1553 quod
1029 1467 1145 1555 diligat'

34 1601 36 1640 i
202 1572 296 1652 itaque
316 1573 449 1636 oratione
467 1571 655 1635 blandissima
675 1569 779 1651 plenus
795 1561 899 1651 ‘rogo'
919 1571 1039 1652 inquam
1057 1563 1218 1656 ‘numquid

34 1645 35 1674 ¹
128 1669 175 1741 illa,
189 1689 259 1750 quae
273 1690 321 1732 me
336 1679 427 1745 amat,
443 1680 476 1733 tn
490 1663 557 1733 es?'
587 1670 711 1733 multum
726 1668 792 1731 risit
805 1669 907 1732 ancilla
922 1679 992 1750 post
1005 1679 1065 1733 1111
1080 1672 1219 1752 frigidum

129 1769 230 1832 schema
250 1778 279 1832 et
294 1759 394 1831 ‘nolo'
413 1760 586 1848 inquit‘tibi
606 1777 665 1831 tam
686 1769 766 1831 valde
785 1769 910 1850 placeas.
940 1787 995 1850 ego
1016 1770 1113 1833 adhuc
1134 1790 1218 1833 servo

128 1885 261 1948 nunqnam
284 1866 439 1940 succubui,
459 1885 514 1928 nec
533 1867 590 1929 hoc
608 1867 647 1928 dii
662 1868 771 1942 sinant,
792 1875 825 1931 ut
839 1868 991 1948 amplexus
1005 1887 1089 1932 meos
1105 1869 1136 1931 in
1150 1887 1218 1932 cru-

96 1979 115 2028 11
129 1985 180 2026 mm
194 1966 316 2028 mittam.
346 1964 471 2026 viderint
484 1973 649 2036 matronae,
665 1984 738 2045 quae
752 1966 932 2047 llagellornm
948 1965 1067 2048 vestigia
1082 1969 1219 2030 osculan-

127 2071 178 2138 tur3
195 2083 247 2143 ego
268 2064 355 2125 etiam
375 2063 399 2125 si
420 2061 521 2124 ancilla
535 2081 616 2137 sum,
636 2080 786 2144 nunquam
801 2073 900 2126 tamen
916 2063 973 2126 nisi
988 2063 1018 2126 in
1034 2067 1219 2147 equestribus

128 2155 219 2224 sedeo.²
249 2161 350 2224 mirari
370 2161 503 2240 equidem
522 2168 580 2222 tam
597 2161 761 2223 discordem
776 2161 928 2225 libidinem
944 2163 1028 2245 coepi
1042 2171 1130 2246 atque
1144 2165 1221 2228 inter

128 2268 247 2322 monstra
273 2275 443 2332 numerare,
470 2259 548 2339 quod
574 2259 674 2321 ancilla
695 2259 814 2322 haberet
833 2269 985 2324 matronae
1005 2263 1172 2346 superbiam
1191 2272 1221 2326 et

96 2369 116 2418 lt
128 2367 248 2421 matrona
262 2357 382 2420 ancillae
396 2355 598 2420 humilitatem.

88 2468 117 2520 ld
175 2451 186 2538 ll
201 2455 428 2536 procedentibus
443 2455 548 2518 deiude
562 2456 677 2535 longius
692 2456 765 2518 iocis
781 2457 879 2536 rogavi
894 2457 1042 2531 ancillam,
1063 2466 1096 2520 ut
1110 2458 1141 2520 in
1155 2459 1219 2539 pla·
1273 2461 1279 2472 '
1324 2470 1327 2481 “

127 2557 219 2616 tanona
235 2555 411 2634 produceret
425 2554 585 2617 dominam.
616 2555 723 2636 placuit
737 2556 848 2637 puellae
860 2556 1025 2618 consilium.
1048 2556 1146 2637 itaque
1157 2557 1219 2619 col-

126 2649 181 2732 legit
194 2654 281 2717 altius
297 2652 424 2716 tunicam
444 2653 580 2734 llexitquc
595 2673 628 2716 se
643 2653 674 2716 in
689 2672 755 2717 eum
771 2655 943 2736 daphnona,
964 2654 1013 2735 qni
1027 2655 1219 2718 ambulationi

187 2817 198 2861 1
218 2829 266 2864 nec
284 2829 337 2894 113-
347 2810 359 2878 ΙΙ
372 2811 475 2878 auguria
493 2808 519 2862 L
643 2812 659 2860 2
678 2817 762 2861 tamen
781 2818 828 2876 pt:
851 2817 948 2860 tantum
965 2808 991 2861 L
1117 2823 1175 2861 cum
1193 2815 1218 2862 te

127 2902 259 2961 spatiantem
271 2900 390 2968 Dispice
480 2901 495 2948 3
514 2899 606 2964 cogitet
617 2907 784 2950 memoratum
795 2898 965 2950 Bur-manno:
983 2898 1076 2964 cogites
1088 2897 1149 2951 tibia·

129 2971 140 3016 5
150 2971 275 3024 debeamus
289 2972 353 3025 coni.
366 2969 506 3022 Antonius:
518 2971 623 3020 debeam
634 2969 702 3024 libri.
730 2969 836 3022 domina
848 2972 937 3022 debeat
948 2969 1159 3038 Iurayermmmue

129 3043 244 3095 tlibidine
264 3045 421 3095 concitantur
438 3058 528 3108 merqc
547 3047 556 3091 t
675 3047 687 3092 I
708 3051 826 3094 stratores
843 3058 933 3108 marqo
952 3048 962 3091 t
1075 3044 1148 3095 altius
1166 3041 1218 3110 Dp,

36 3144 42 3161 .
127 3116 386 3179 dupondiumet.
423 3114 555 3164 discinctos
576 3109 710 3164 monebu
817 3115 928 3164 Sauene
946 3114 978 3168 L.
1015 3117 1141 3166 arenarius
1154 3131 1219 3182 pru·

36 3237 37 3258 Χ
125 3189 285 3248 1111111111
305 3185 478 3237 Goldcstinnc
566 3185 626 3235 alias
643 3184 751 3251 scripsi:
769 3186 862 3250 aliquas
880 3184 941 3236 libri
958 3185 1005 3237 aed
1022 3187 1117 3252 aliquos
1132 3184 1219 3252 primo

36 3267 37 3316 ξ
128 3249 272 3309 tolerate
361 3255 508 3322 mulian:
525 3257 603 3306 multo
616 3264 633 3322 t,
646 3265 719 3308 uetus
731 3255 831 3308 Pitheci
920 3259 1128 3308 9edorchestra
1139 3257 1219 3309 Meet·

36 3335 37 3386 1
128 3324 212 3379 minuce
305 3331 337 3380 to
356 3329 543 3393 quatuordecim
553 3334 584 3392 pt
672 3329 757 3393 diliget
769 3343 801 3378 ear
813 3329 891 3393 diligit
902 3344 969 3382 corr.
983 3329 1008 3379 L
1082 3332 1113 3379 11
1130 3329 1219 3379 lenitus

36 3411 37 3420 ¹
129 3405 328 3464 ucpemncacus
341 3398 475 3450 Iacobaica
564 3400 675 3462 nunquid
689 3407 722 3464 pt
812 3402 844 3450 13
863 3415 947 3450 scema
959 3415 990 3465 p.
1015 3415 1128 3450 11111111
1145 3397 1219 3450 Beie-

36 3507 38 3540 ἵ
129 3462 174 3517 lice
279 3473 312 3521 15
331 3466 474 3522 osculintur
492 3464 596 3535 nistigia
617 3469 649 3524 L.
683 3471 859 3520 obosculantur
881 3470 910 3520 irc
931 3485 976 3520 uu.
994 3471 1067 3521 cuce
1084 3479 1122 3521 est
1137 3470 1219 3538 legere

36 3545 38 3570 ¹
129 3533 205 3591 Douac
296 3545 327 3593 17
341 3544 471 3593 dissociem
483 3540 607 3592 Heinius
711 3545 741 3592 19
759 3541 1220 3594 matronaultimclittercmutotcet

130 3604 230 3678 increpa
248 3613 304 3664 alio
316 3613 400 3665 deleto
412 3614 437 3663 L
520 3615 553 3663 20
567 3612 702 3677 superiora
713 3614 736 3664 ai
747 3612 817 3679 demi
828 3612 970 3680 euehuntur
981 3612 1050 3664 inter
1058 3613 1219 3681 Polyaenum

130 3684 148 3724 tl
156 3685 275 3749 medam,
293 3684 454 3737 intercidisse
465 3683 556 3750 alique
570 3692 667 3750 oportet
753 3686 877 3736 demuma
956 3685 1017 3736 iocis
1030 3701 1078 3738 cm.
1090 3685 1221 3737 ABODE

130 3745 206 3806 FdPs.
230 3759 291 3808 Iocis
306 3756 494 3820 Wocweeaea,
506 3757 569 3822 logis
583 3755 756 3807 Goldautimaec
839 3757 954 3807 ancillam
965 3773 1012 3807 cm.
1022 3755 1085 3822 Lpt.
1103 3757 1220 3824 fortuma

131 3816 248 3878 tltleaadum
355 3830 380 3878 11
399 3843 478 3878 1111
585 3829 719 3893 platanona
735 3827 766 3892 P,
785 3829 867 3893 platea
885 3826 1130 3880 nouaAODEFGa

37 3891 38 3902 ¹
132 3890 156 3940 ll
172 3901 311 3959 produceret
323 3899 414 3966 LPpt:
432 3900 578 3965 perduceret
589 3898 623 3962 B,
643 3900 743 3950 duceret
760 3899 856 3965 reliqui
873 3899 903 3950 in
921 3899 1014 3966 quibua
1030 3901 1105 3951 ducet
1117 3900 1151 3955 F.
1176 3902 1218 3952 de·

132 3959 351 4022 lucentBocchiua
457 3972 550 4036 placuit
567 3971 664 4036 puellae
682 3972 812 4021 consilinm
831 3971 918 4025 mula
1006 3971 1153 4038 placauitd'

134 4037 218 4091 lituillae
235 4041 379 4095 nonnus
510 4045 561 4092 ‘22
581 4042 663 4106 altius]
680 4033 726 4096 ‘ui
745 4058 766 4096 c.
785 4057 812 4096 u.
830 4036 942 4095 alternis’
962 4059 1052 4110 murqo
1069 4042 1095 4093 L

133 4115 170 4162 (lit
189 4125 211 4161 te
229 4130 276 4168 mn.
293 4113 323 4165 Ρ
462 4129 519 4165 eum
542 4115 678 4179 daphnona
702 4129 760 4164 cum
783 4113 890 4166 Pithceo
913 4114 1081 4180 Iumeboqtce
1097 4112 1138 4164 La
1161 4127 1219 4162 eum

134 4173 240 4306 aiilon}
248 4186 306 4251 BP,
325 4201 383 4237 eum
401 4187 512 4251 diphona
525 4193 571 4250 pt,
594 4186 745 4250 cudophona
765 4184 853 4252 ODG,
873 4188 1022 4252 cadophcna
1040 4182 1142 4246 1111111,
1160 4183 1219 4233 udo·

37 4271 38 4282 ¹
134 4255 203 4305 lona
344 4259 502 4310 ambitionis
