3022 4956
270 430 311 492 60
746 428 903 484 l'll'l'hOllll

269 571 399 645 demisso
414 581 495 644 labro
511 599 605 644 orare.
636 590 666 646 at
680 583 726 646 ille
738 577 824 663 ‘quid
840 575 900 646 me’
915 583 1008 664 inquit
1018 574 1145 662 ‘rogas‘i
1167 589 1308 664 tanquam
1324 602 1381 664 ego
1400 593 1422 644 ιι

268 681 323 743 tibi
343 681 485 743 molestus
506 682 572 743 sim.
603 683 725 756 suadeo,
746 702 762 744 a
782 689 811 744 te
831 683 985 761 impetres,
1005 700 1043 744 ne
1058 682 1099 744 sis
1115 673 1232 760 nugax.³
1261 684 1382 744 undem

269 799 339 860 ergo
360 787 495 843 exoratus
517 800 533 843 a
553 781 640 842 nobis
661 781 835 844 missionem
854 781 935 843 dedit
953 800 1055 861 puero.
1083 781 1132 842 ille
1147 780 1289 844 dimissus
1305 782 1383 844 circa

270 897 402 942 mensam
417 881 601 960 percucurrit

354 1058 383 1112 et
397 1041 521 1130 ‘aquam
538 1050 633 1124 foras,
652 1049 754 1113 vinum
774 1044 862 1116 intro’
884 1051 1015 1113 clamavit
1030 1097 1038 1112 .
1051 1096 1079 1112 ,.
1101 1050 1264 1130 excipimus
1285 1051 1382 1113 urba·
1400 1065 1414 1113 5

269 1149 390 1211 nitatem
409 1149 546 1222 iocantis,
571 1156 600 1210 et
618 1155 685 1210 ante
706 1168 810 1212 omnes
831 1151 1046 1230 Agamemnon,
1072 1150 1121 1230 qui
1140 1149 1251 1211 sciebat
1271 1149 1381 1228 quibus

270 1247 380 1308 meritis
400 1254 586 1308 revocaretur
604 1249 639 1309 ad
660 1267 770 1311 cenam.
804 1256 933 1310 ceterum
952 1249 1084 1311 laudatus
1105 1247 1283 1309 Trimalchio
1304 1247 1382 1308 hila-

268 1346 330 1408 rius
345 1345 419 1406 bibit
434 1351 462 1405 et
476 1345 533 1406 iam
549 1345 629 1407 ebrio
647 1348 799 1427 proximus
811 1338 922 1410 ‘nemo‘
937 1338 1187 1426 inquit‘vestrum
1203 1352 1288 1424 rogat
1302 1346 1381 1406 For-

268 1451 398 1504 tunatam
415 1462 522 1518 meam,
538 1454 570 1506 ut
584 1444 690 1507 saltet?
705 1446 812 1508 credite
827 1446 912 1507 mihi:
928 1447 1081 1508 cordacem
1095 1463 1185 1505 nemo
1201 1443 1306 1505 melius
1323 1444 1382 1505 du-

271 1531 327 1602 cit'
356 1548 441 1622 atque
460 1543 524 1622 ipse
545 1543 648 1604 erectis
669 1563 759 1624 supra
777 1544 905 1606 frontem
927 1544 1062 1606 manibus
1078 1544 1185 1624 Syrum
1200 1542 1380 1604 histrionem
1401 1549 1427 1600 to

270 1640 425 1703 exhibebat
440 1643 612 1704 concinente
626 1650 687 1705 tota
702 1643 825 1705 familia:
845 1635 999 1718 Mddesa,
1014 1633 1233 1722 Hspauoidsea.
1264 1648 1292 1701 et
1307 1659 1382 1720 pro-

271 1740 363 1802 disset
382 1739 412 1801 in
432 1742 578 1816 medium,
593 1741 651 1802 nisi
667 1741 827 1802 Fortunata
843 1740 878 1802 ad
895 1759 994 1802 aurem
1011 1739 1197 1814 accessissem
1216 1741 1262 1817 [et]
1281 1739 1382 1813 credo,

269 1839 375 1902 dixerit
387 1858 449 1901 non
465 1841 566 1902 decere
578 1839 745 1918 gravitatem
757 1839 819 1901 eius
830 1846 891 1900 tam
902 1838 1028 1900 humiles
1041 1837 1174 1918 ineptias.
1198 1837 1271 1899 nihil
1281 1845 1382 1899 autem

269 1945 328 1999 tam
343 1938 494 2019 inaequale
509 1946 583 2014 erat3
602 1956 670 2001 nam
685 1937 776 1998 modo
791 1939 982 2000 Fortunatam
998 1956 1082 1999 suam
1097 1937 1267 2010 verebatur,
1287 1937 1381 1997 modo

269 2037 464 2100 revertebatur
478 2037 514 2097 ad
529 2045 673 2098 naturam.
1401 2043 1427 2094 15

214 2130 255 2192 53
358 2136 403 2212 [et]
421 2134 508 2212 plane
523 2134 714 2214 interpellavit
730 2133 892 2196 saltationis
908 2133 1058 2196 libidinem
1073 2134 1233 2208 actuarius,
1249 2133 1298 2214 qui
1313 2139 1383 2195 tan-

344 2313 357 2359 1
377 2310 446 2360 labro
471 2324 541 2359 orare
559 2308 706 2374 Sebefferus
729 2319 754 2360 et
769 2309 909 2360 Heinsius:
927 2312 1024 2360 lshrore
1041 2308 1075 2360 H
1184 2310 1200 2359 2
1215 2317 1277 2373 post
1292 2324 1382 2372 nugax

270 2381 317 2432 aiae
331 2388 416 2446 potest
439 2380 503 2446 quin
515 2397 607 2446 pauca
626 2382 718 2433 aruisse
737 2382 788 2432 sint
805 2382 898 2447 quibem
917 2397 976 2446 ergo
994 2389 1053 2446 apte
1071 2379 1257 2431 adnectebatur

271 2456 285 2503 3
305 2455 390 2503 circha
408 2449 442 2502 H
545 2455 561 2502 4
581 2455 725 2504 discucurrit
744 2453 807 2505 conl.
826 2470 883 2518 cap.
897 2455 931 2502 40
956 2452 1066 2502 Welelius
1080 2469 1109 2517 p.
1124 2455 1157 2502 25
1177 2467 1252 2517 quem
1269 2468 1321 2500 non
1331 2450 1382 2516 fu-

267 2526 307 2592 9it
328 2525 387 2576 uitii
410 2524 513 2590 aliquid
536 2525 617 2576 inesse
635 2525 663 2574 in
681 2526 728 2576 leae
753 2524 895 2588 enuntiata,
915 2532 954 2574 ter
971 2526 1077 2574 cucurrit
1095 2524 1273 2576 Burmannus.
1309 2522 1382 2573 hcet·

269 2615 331 2649 nam
349 2597 504 2664 aipnificaui,
522 2613 604 2662 neque
623 2598 690 2646 enim
709 2597 759 2647 tale
777 2596 873 2647 dietum
894 2594 1048 2646 concedebat
1064 2595 1183 2646 deminuo
1191 2611 1277 2660 puero
1289 2611 1307 2643 a
1319 2610 1382 2659 cya-

270 2670 319 2720 this
343 2677 367 2720 et
388 2670 499 2719 iocatum
517 2684 569 2720 esse
592 2669 805 2719 Trimalchionem
829 2667 914 2718 statim
935 2675 1072 2718 narratur.
1104 2683 1174 2732 puer
1200 2666 1317 2717 samarrit
1329 2681 1382 2729 per

270 2741 410 2792 triclinium
430 2741 531 2806 pretias
554 2757 632 2806 opens
656 2741 773 2792 conuiuis
794 2739 839 2805 qai
852 2756 904 2804 pro
923 2753 951 2790 eo
970 2738 1102 2803 deprecati
1120 2746 1202 2802 erant,
1222 2746 1250 2788 at
1271 2736 1381 2787 Trimal

271 2811 328 2864 chia
352 2812 437 2862 neseio
459 2827 524 2877 quas
542 2828 625 2877 nuqua
636 2812 705 2877 fecit
721 2820 746 2864 et
762 2811 799 2863 ad
817 2827 902 2876 aquae
919 2810 1067 2860 memoriam
1085 2809 1214 2861 adductus
1232 2810 1279 2860 illa
1297 2808 1381 2859 eaela-

270 2882 354 2932 mauit
461 2884 475 2931 5
495 2881 566 2932 deest
582 2884 669 2947 plausu
689 2900 734 2933 nos
826 2887 840 2932 6
860 2897 1001 2947 egumenos
1019 2880 1055 2934 H
1141 2887 1153 2932 t
1173 2880 1303 2932 ilariuaH

272 2955 287 3003 8
313 2957 337 3003 et
359 2954 410 3002 ism
434 2953 570 3003 emriwncta
591 2955 621 3004 in
644 2953 679 3005 H
695 2955 825 3005 disiannit
846 2953 972 3004 Heinsius
1098 2955 1131 3002 10
1148 2961 1211 3018 post
1232 2955 1299 3003 ducit
1317 2967 1381 3002 caue

271 3023 415 3089 quidquam
434 3024 546 3089 periisse
568 3023 673 3089 eredas,
698 3043 759 3076 nam
781 3028 834 3090 ipae
858 3026 997 3090 opponitur
1021 3025 1065 3075 tati
1084 3023 1207 3088 familiae
1346 3025 1380 3073 si·

271 3112 327 3146 rum
344 3095 379 3144 H
464 3097 494 3145 ll
515 3098 612 3146 madeia
629 3099 779 3160 pcrimadeia
791 3097 847 3146 H'
837 3114 865 3147 an
883 3097 975 3162 quibus
993 3113 1051 3146 cum
1069 3095 1177 3146 Medeae
1194 3111 1285 3146 nornen
1303 3112 1381 3160 apua-

271 3167 377 3230 uissem5
402 3166 555 3217 Peaimeeleu
579 3167 687 3218 alma-am
710 3184 761 3220 esse
778 3169 933 3220 Ribdeeleius
953 3183 992 3218 me
1011 3167 1202 3252 eorummuefecit
1215 3167 1279 3217 corel.
1302 3166 1380 3216 Theo-

270 3239 333 3290 crito
351 3238 433 3290 1116
451 3237 496 3288 uhi
514 3239 563 3289 leae
576 3238 804 3323 phamnaaeutriae
823 3241 1009 3290 consociantur.
1045 3256 1107 3290 nam
1119 3248 1148 3288 ut
1159 3227 1232 3302 Μήδη
1245 3234 1380 3303 ειΜὴδεια

270 3313 309 3363 ita
321 3301 450 3382 Περιμηδη
471 3319 495 3361 et
506 3302 659 3381 Περιμήδεια
677 3311 783 3362 uidetur
795 3311 969 3395 pronuntiata
987 3326 1052 3360 esse:
1071 3310 1177 3376 offendit
1194 3319 1279 3360 tamea
1296 3331 1310 3372 η
1325 3326 1380 3360 aum

271 3403 286 3435 a
306 3392 466 3435 commutata
489 3384 652 3468 principium
670 3392 706 3434 est
718 3384 812 3434 cantici
824 3383 894 3473 quod
907 3382 1040 3434 cordacem
1052 3383 1173 3432 saltantes
1186 3380 1313 3432 cauebant
1304 3381 1380 3468 sor-

271 3464 336 3507 tasse
350 3455 476 3507 trochaeis
496 3455 633 3522 compositi,
653 3455 699 3521 qui
715 3447 909 3525 neptanabus
927 3463 1002 3505 erant
1012 3453 1098 3504 iudice
1110 3453 1259 3504 Aristotele·
1278 3471 1315 3522 pu
1304 3441 1380 3504 Δία

271 3530 347 3609 perite
368 3517 402 3596 pai
420 3524 475 3578 Δία
494 3527 640 3594 Sebefferus
659 3536 683 3578 et
673 3527 825 3578 tHeinsiaa
842 3526 886 3577 ubi
903 3527 964 3590 perii
982 3526 1127 3610 Halaesina,
1146 3527 1218 3609 prodi
1236 3524 1378 3588 Iacobum,

271 3587 340 3664 πᾶρει
359 3597 492 3649 Reislrium
516 3609 616 3650 secunus
635 3600 763 3650 Antonius
785 3596 963 3660 substituebat,
988 3588 1084 3666 pilt’s
1074 3591 1113 3647 sla
1136 3615 1184 3664 παρ
1163 3585 1227 3646 'ciis
1253 3591 1379 3665 μᾶλέα
1342 3590 1379 3646 sal

271 3666 392 3718 Reislcins
502 3670 733 3722 mecaenatem
827 3673 860 3719 lt
878 3669 915 3719 sic
933 3668 1026 3733 scripsi
1045 3685 1102 3719 mam
1119 3667 1228 3718 Heinsio
1246 3669 1293 3732 qai
1311 3683 1379 3718 susm

268 3739 454 3802 praeterierat:
478 3755 549 3789 suam
572 3746 741 3792 reuertahstur
765 3743 841 3790 modo
865 3742 896 3790 ad
919 3749 1034 3790 naturam
1057 3740 1094 3791 H.
1131 3739 1217 3789 aluhito
1195 3747 1330 3790 tantem
1347 3755 1380 3789 arc

267 3816 383 3873 praeatet
406 3811 480 3858 modo
500 3811 662 3862 Fortunatam
689 3815 819 3863 uerehatur
837 3814 912 3862 modo
931 3813 963 3860 ad
981 3820 1096 3860 naturam
1115 3827 1186 3860 suum
1204 3813 1378 3863 reuertebatur.

272 3879 424 3930 addendum
446 3883 604 3931 rouerebatur
625 3882 755 3950 Sebeffero
777 3884 864 3935 uisum
886 3891 955 3946 erat,
979 3882 1157 3949 corripendum
1180 3884 1342 3933 rauerebstur
1360 3888 1381 3933 et

267 3959 329 4016 post
351 3960 465 4000 naturam
483 3952 648 4005 inserendum
665 3957 835 4020 propendebat
853 3956 895 4005 uel
912 3956 1034 4004 defluebat
1052 3951 1164 4005 Reislcic.
1202 3960 1312 4004 ceterum
1332 3962 1379 4003 tam

273 4022 375 4072 concisa
393 4022 456 4072 baec
474 4025 599 4074 sententia
617 4034 654 4076 est
670 4035 699 4078 ut
717 4026 860 4076 detraxisse
879 4026 911 4076 de
930 4041 961 4076 ea
979 4034 1151 4091 eucerptarem
1165 4023 1277 4079 credam.
1314 4025 1380 4076 idem

273 4110 323 4161 qua
341 4093 532 4145 cornmisauram
548 4097 673 4149 oratirmis
691 4097 805 4149 hiantem
823 4098 975 4161 occultaret,
994 4107 1018 4148 et
1037 4105 1097 4149 ante
1114 4099 1188 4162 plane
1206 4097 1378 4160 interpolauit.

272 4167 315 4249 sed
332 4167 405 4231 plane
424 4163 558 4217 Iaeabaius
703 4173 734 4220 16
750 4177 810 4234 post
834 4170 959 4218 libidinem
983 4169 1104 4219 lacunam
1122 4165 1267 4236 Solaeffcrua
1292 4166 1380 4220 statuit

273 4253 327 4300 aitte
345 4251 438 4296 causati
