3078 4956
558 427 767 492 FRAGMENTA

228 607 267 654 ne
282 592 440 655 succumbe
454 592 548 656 malis.
578 600 607 654 te
620 593 735 656 noverit
748 593 868 657 ultimus
884 593 971 669 ister,

227 699 257 754 te
271 691 380 753 Boreas
395 690 506 770 gelidus
521 709 681 773 securaque
695 710 785 772 regna
801 694 925 775 Canopi,

176 807 191 857 5
232 790 339 871 quique
354 796 556 852 renascentem
569 789 724 853 Phoebum
739 799 919 872 cernuntque
933 792 1091 854 iacentem:

228 889 324 952 maior
338 889 369 950 in
385 897 520 951 externas
536 887 650 952 lthaous
667 889 824 952 descendat
838 909 942 955 arenas

176 1054 309 1111 tamquam
327 1044 513 1098 Petruuiouuut
535 1045 619 1098 edidit
635 1045 752 1114 Scaliger
770 1048 910 1098 exhortatio
928 1047 1094 1112 inscriptum:
1118 1046 1214 1097 satirae

103 1117 223 1169 Petronii
245 1117 350 1168 inclusit
366 1117 540 1170 Bourdelotua
553 1135 583 1185 p.
605 1120 662 1182 113,
682 1123 698 1168 4
715 1119 783 1169 iuter
801 1128 869 1168 amat
887 1127 911 1169 et
927 1121 1026 1184 profuit.
1063 1117 1125 1170 uide
1142 1118 1214 1169 Bur·

102 1189 196 1240 manni
220 1187 314 1241 anthol.
334 1188 391 1239 III
407 1191 460 1240 124
586 1193 602 1240 4
627 1191 782 1254 fecundaque
805 1189 925 1241 Bruuius
1050 1193 1064 1239 5
1085 1191 1214 1240 cadentem

102 1262 200 1312 Douaa
211 1260 238 1325 f.
394 1264 408 1311 6
428 1269 543 1314 extemes
561 1263 664 1312 ithacus
683 1260 843 1312 Polmeaius:
862 1271 965 1312 extema
983 1264 1030 1312 site
1048 1263 1087 1311 cui
1105 1261 1214 1312 schedae

1 1343 2 1370 l
102 1331 248 1398 &adipem
268 1339 397 1382 externam
416 1334 447 1382 sit
466 1333 506 1397 qui
526 1335 550 1383 d.
569 1349 672 1384 arenam
689 1349 778 1399 margo
802 1331 1006 1398 Tornaeoioraue,
1030 1335 1110 1383 moion
1126 1335 1152 1382 in
1172 1349 1215 1383 ex-

1 1403 2 1454 7
102 1413 188 1454 ternas
212 1405 248 1452 ita
272 1403 312 1466 qui
337 1403 462 1455 descendit
481 1419 574 1454 ‘arenas
594 1403 731 1454 Francius.
769 1403 835 1454 alter
858 1404 1003 1470 etquidem
1020 1401 1105 1455 maior
1127 1403 1215 1454 Vliuec

101 1474 267 1541 significatur

579 1615 747 1679 XXXVlll*

249 1714 307 1777 iam
324 1731 403 1775 nunc
419 1715 557 1776 ardentes'
567 1722 727 1777 autumnus
742 1715 868 1795 fregerat
882 1714 1015 1788 umbras,

251 1819 337 1891 atque
347 1811 474 1872 hiemem
489 1812 595 1893 tepidis
612 1813 761 1893 spectabat
775 1813 913 1877 Phoebus
929 1814 1063 1876 habenis:

250 1912 307 1973 iam
323 1910 458 1990 platanus
474 1910 578 1973 iactare
593 1930 706 1986 comas,
721 1912 777 1974 iam
796 1920 933 1993 coeperat
948 1933 1018 1975 uvas

251 2010 444 2072 adnumerare
459 2027 527 2071 suas
543 2008 655 2071 defecto
671 2009 789 2090 palmite
804 2009 885 2071 vitis:

193 2127 208 2176 5
253 2115 321 2169 ante
337 2107 440 2169 oculos
456 2108 550 2170 stabat
565 2107 702 2188 quicquid
717 2108 897 2188 promiserat
910 2125 1005 2170 annus
1100 2119 1105 2126 ·

179 2275 310 2332 tamquam
328 2265 513 2316 Petronianum
532 2267 698 2330 fragmentum
717 2263 763 2316 boc
781 2263 864 2316 edidit
874 2263 993 2332 Scaliger
1084 2269 1098 2315 4
1118 2267 1215 2317 defecto

1 2369 2 2378 κ
104 2340 244 2390 Pithoeus:
263 2340 361 2388 desecto
384 2336 460 2388 ceteri

221 2566 233 2576 ἱ
574 2473 753 2548 XXXVllll*

251 2587 294 2648 sic
309 2594 338 2648 et
351 2585 485 2648 membra
503 2584 599 2646 solent
614 2603 699 2646 auras
714 2583 862 2646 includere
876 2585 972 2660 venis,

253 2704 325 2765 quae
341 2684 457 2764 penitus
473 2701 601 2756 mersae,
619 2699 684 2743 cum
701 2699 805 2742 rursus
821 2682 900 2744 abire
915 2683 1062 2757 laborant,

251 2783 422 2845 verberibus
438 2783 581 2844 rimantur
595 2781 658 2842 iter.
689 2799 743 2841 neo
759 2779 866 2842 desinit
881 2787 947 2842 ante

250 2881 375 2962 frigidus
392 2881 538 2943 adstrictis
554 2879 603 2959 qui
619 2885 720 2958 regnat
734 2877 765 2939 in
780 2878 899 2941 ossibus
915 2879 1034 2954 horror,

195 2999 209 3046 5
255 2999 343 3061 quam
359 2979 475 3060 tepidus
491 2978 555 3040 laxo
571 2977 699 3038 manavit
714 2993 839 3056 corpore
854 2978 947 3040 sudor

175 3137 264 3204 priori
274 3137 423 3203 fragmento
441 3136 506 3186 aliud
526 3134 572 3185 boc
590 3133 726 3186 audiunuit
742 3131 872 3200 Scaliger:
891 3135 1013 3202 Encolpii
1031 3143 1077 3186 out
1095 3136 1218 3200 Eumolpi

105 3209 137 3260 de
158 3210 227 3260 coitu
244 3225 335 3259 uersus
355 3223 407 3259 eoae
426 3205 565 3258 Golduetua
584 3205 690 3256 coniecit
815 3209 829 3256 2
848 3208 961 3257 laborent
979 3205 1102 3258 Pithoeus

105 3285 120 3331 8
144 3285 160 3331 4
180 3281 226 3331 boo
244 3281 334 3330 ordine
354 3278 490 3329 Pithoeus:
509 3278 612 3328 iuuerco
629 3275 748 3343 Scoliper
864 3283 880 3328 4
899 3279 1001 3342 frigidus
1020 3281 1125 3329 astrictis
1143 3277 1216 3328 Reio-

105 3353 181 3404 loiuo:
206 3361 231 3402 et
248 3354 340 3416 rigidus
359 3351 447 3401 strictis
465 3348 583 3416 Scaliger
589 3366 598 3410 ,·
623 3351 730 3414 erigidns
748 3349 837 3400 strictis
856 3349 977 3400 Pithoeus
983 3387 990 3414 ,
1009 3350 1110 3415 frigidus
1128 3351 1216 3400 attritis

105 3422 244 3474 Iacodsiua

597 3561 728 3623 XXXX*

294 3663 365 3724 haec
379 3661 419 3724 ait
433 3667 462 3723 et
475 3661 600 3723 tremulo
616 3661 736 3723 deduxit
749 3659 858 3722 vertice
873 3678 964 3722 canos

296 3761 502 3840 consecuitque
517 3777 621 3839 genas,
639 3759 729 3822 oeulis
746 3759 906 3832 neodefuit
919 3759 1020 3820 imber.

294 3857 345 3921 se'd
362 3860 453 3939 qualis
469 3858 581 3940 rapitur
596 3876 648 3938 per
662 3857 747 3922 valles
762 3858 917 3938 improbus
933 3857 1041 3932 amnis,

295 3977 362 4019 cum
377 3958 486 4037 gelidae
501 3957 613 4038 periere
626 3957 707 4018 nives
723 3965 752 4019 et
765 3957 917 4036 languidos
934 3964 1031 4018 auster

239 4071 253 4121 5
298 4074 359 4119 non
375 4057 483 4137 patitur
498 4055 616 4135 glaciem
633 4057 760 4118 resoluta
775 4053 870 4116 vivere
884 4062 975 4130 terra,

294 4155 407 4236 gurgite
422 4154 465 4218 sic
479 4154 566 4233 pleno
581 4154 669 4216 facies
685 4152 824 4227 manarit,
839 4157 869 4214 et
884 4152 940 4216 alto

295 4252 426 4316 insonuit
441 4253 552 4332 gemitu
566 4251 715 4316 turbatum
732 4261 884 4318 murmure
898 4260 1000 4334 pectus
