<?xml version="1.0" encoding="UTF-8"?>
<!DOCTYPE html PUBLIC "-//W3C//DTD XHTML 1.0 Transitional//EN"
    "http://www.w3.org/TR/xhtml1/DTD/xhtml1-transitional.dtd">
<html xmlns="http://www.w3.org/1999/xhtml" xml:lang="en" lang="en">
 <head>
  <title>
</title>
<meta http-equiv="Content-Type" content="text/html;charset=utf-8" />
  <meta name='ocr-system' content='tesseract 3.04.00' />
  <meta name='ocr-capabilities' content='ocr_page ocr_carea ocr_par ocr_line ocrx_word'/>
</head>
<body>
  <div class='ocr_page' id='page_1' title='image "./petroniiarbitri00buecgoog_0012.png"; bbox 0 0 3008 4962; ppageno 0'>
   <div class='ocr_carea' id='block_1_1' title="bbox 1198 477 1292 527">
    <p class='ocr_par' dir='ltr' id='par_1_1' title="bbox 1198 477 1292 527">
     <span class='ocr_line' id='line_1_1' title="bbox 1198 477 1292 527; baseline 0.032 -3"><span class='ocrx_word' id='word_1_1' title='bbox 1198 485 1237 527; x_wconf 80' lang='grc' dir='ltr'><em>νη</em></span> <span class='ocrx_word' id='word_1_2' title='bbox 1289 477 1292 482; x_wconf 80' lang='grc'><strong>“</strong></span> 
     </span>
    </p>
   </div>
   <div class='ocr_carea' id='block_1_2' title="bbox 119 613 1282 4381">
    <p class='ocr_par' dir='ltr' id='par_1_2' title="bbox 119 613 1249 1977">
     <span class='ocr_line' id='line_1_2' title="bbox 127 613 1238 698; baseline 0.005 -24"><span class='ocrx_word' id='word_1_3' title='bbox 127 617 247 675; x_wconf 79' lang='lat' dir='ltr'><em>lamisso</em></span> <span class='ocrx_word' id='word_1_4' title='bbox 266 617 439 675; x_wconf 75' lang='lat' dir='ltr'><em>recentiores</em></span> <span class='ocrx_word' id='word_1_5' title='bbox 459 615 568 676; x_wconf 89' lang='lat' dir='ltr'><em>codices</em></span> <span class='ocrx_word' id='word_1_6' title='bbox 582 613 679 676; x_wconf 84' lang='lat' dir='ltr'><em>Italici</em></span> <span class='ocrx_word' id='word_1_7' title='bbox 691 616 840 686; x_wconf 79' lang='lat' dir='ltr'><em>videnter,</em></span> <span class='ocrx_word' id='word_1_8' title='bbox 858 619 973 696; x_wconf 89' lang='lat' dir='ltr'><em>qnando</em></span> <span class='ocrx_word' id='word_1_9' title='bbox 989 619 1102 698; x_wconf 85' lang='lat' dir='ltr'><em>qnidem</em></span> <span class='ocrx_word' id='word_1_10' title='bbox 1116 618 1238 698; x_wconf 85' lang='lat' dir='ltr'><em>Poppins</em></span> 
     </span>
     <span class='ocr_line' id='line_1_3' title="bbox 125 701 1249 807; baseline 0.006 -26"><span class='ocrx_word' id='word_1_11' title='bbox 125 741 225 782; x_wconf 86' lang='lat' dir='ltr'><em>rnense</em></span> <span class='ocrx_word' id='word_1_12' title='bbox 240 722 319 782; x_wconf 89' lang='lat' dir='ltr'><em>Maio</em></span> <span class='ocrx_word' id='word_1_13' title='bbox 337 726 409 782; x_wconf 92' lang='lat' dir='ltr'><em>anni</em></span> <span class='ocrx_word' id='word_1_14' title='bbox 422 721 511 782; x_wconf 76' lang='grc'><em>1423</em></span> <span class='ocrx_word' id='word_1_15' title='bbox 526 725 565 784; x_wconf 91' lang='lat' dir='ltr'><em>cd</em></span> <span class='ocrx_word' id='word_1_16' title='bbox 576 723 729 784; x_wconf 88' lang='lat' dir='ltr'><em>Nicolonm</em></span> <span class='ocrx_word' id='word_1_17' title='bbox 744 724 945 786; x_wconf 66' lang='lat' dir='ltr'><em>rotonensem</em></span> <span class='ocrx_word' id='word_1_18' title='bbox 961 729 1049 806; x_wconf 82' lang='lat' dir='ltr'><em>(epist.</em></span> <span class='ocrx_word' id='word_1_19' title='bbox 1063 725 1128 786; x_wconf 79' lang='lat'><em>113</em></span> <span class='ocrx_word' id='word_1_20' title='bbox 1139 747 1170 807; x_wconf 95' lang='lat' dir='ltr'><em>p.</em></span> <span class='ocrx_word' id='word_1_21' title='bbox 1182 701 1249 803; x_wconf 79' lang='grc' dir='ltr'><em>91)Ι</em></span> 
     </span>
     <span class='ocr_line' id='line_1_4' title="bbox 125 823 1238 916; baseline 0.006 -27"><span class='ocrx_word' id='word_1_22' title='bbox 125 831 199 892; x_wconf 72' lang='lat' dir='ltr'><em>llaec</em></span> <span class='ocrx_word' id='word_1_23' title='bbox 215 832 290 892; x_wconf 89' lang='lat' dir='ltr'><em>dedit</em></span> <span class='ocrx_word' id='word_1_24' title='bbox 300 823 420 892; x_wconf 77' lang='lat' dir='ltr'><em>‘ollotns</em></span> <span class='ocrx_word' id='word_1_25' title='bbox 434 841 475 892; x_wconf 86' lang='lat' dir='ltr'><em>est</em></span> <span class='ocrx_word' id='word_1_26' title='bbox 485 831 557 892; x_wconf 86' lang='lat' dir='ltr'><em>milei</em></span> <span class='ocrx_word' id='word_1_27' title='bbox 567 851 604 892; x_wconf 85' lang='lat' dir='ltr'><em>en</em></span> <span class='ocrx_word' id='word_1_28' title='bbox 617 831 738 893; x_wconf 87' lang='lat' dir='ltr'><em>Colonia</em></span> <span class='ocrx_word' id='word_1_29' title='bbox 751 833 806 894; x_wconf 87' lang='lat' dir='ltr'><em>XV</em></span> <span class='ocrx_word' id='word_1_30' title='bbox 815 834 888 894; x_wconf 80' lang='lat' dir='ltr'><em>liber</em></span> <span class='ocrx_word' id='word_1_31' title='bbox 898 834 1029 896; x_wconf 87' lang='lat' dir='ltr'><em>Petronii</em></span> <span class='ocrx_word' id='word_1_32' title='bbox 1034 834 1145 896; x_wconf 80' lang='lat' dir='ltr'><em>treton</em></span> <span class='ocrx_word' id='word_1_33' title='bbox 1155 855 1238 916; x_wconf 91' lang='lat' dir='ltr'><em>qnem</em></span> 
     </span>
     <span class='ocr_line' id='line_1_5' title="bbox 126 940 1237 1023; baseline 0.004 -23"><span class='ocrx_word' id='word_1_34' title='bbox 126 944 236 1000; x_wconf 85' lang='lat' dir='ltr'><em>crerooi</em></span> <span class='ocrx_word' id='word_1_35' title='bbox 253 940 506 1001; x_wconf 83' lang='lat' dir='ltr'><em>transcribendam</em></span> <span class='ocrx_word' id='word_1_36' title='bbox 525 942 609 1001; x_wconf 92' lang='lat' dir='ltr'><em>modo</em></span> <span class='ocrx_word' id='word_1_37' title='bbox 632 960 697 1001; x_wconf 87' lang='lat' dir='ltr'><em>cnm</em></span> <span class='ocrx_word' id='word_1_38' title='bbox 716 941 785 1022; x_wconf 88' lang='lat' dir='ltr'><em>illoc</em></span> <span class='ocrx_word' id='word_1_39' title='bbox 800 946 854 1002; x_wconf 89' lang='lat' dir='ltr'><em>iter</em></span> <span class='ocrx_word' id='word_1_40' title='bbox 868 943 939 1023; x_wconf 80' lang='lat' dir='ltr'><em>feci:</em></span> <span class='ocrx_word' id='word_1_41' title='bbox 959 946 1056 1004; x_wconf 88' lang='lat' dir='ltr'><em>mittas</em></span> <span class='ocrx_word' id='word_1_42' title='bbox 1072 944 1110 1004; x_wconf 89' lang='lat' dir='ltr'><em>ed</em></span> <span class='ocrx_word' id='word_1_43' title='bbox 1124 963 1169 1004; x_wconf 92' lang='lat' dir='ltr'><em>me</em></span> <span class='ocrx_word' id='word_1_44' title='bbox 1185 962 1237 1005; x_wconf 93' lang='lat' dir='ltr'><em>oro</em></span> 
     </span>
     <span class='ocr_line' id='line_1_6' title="bbox 126 1047 1237 1131; baseline 0.002 -21"><span class='ocrx_word' id='word_1_45' title='bbox 126 1049 291 1110; x_wconf 82' lang='lat' dir='ltr'><em>baselicam</em></span> <span class='ocrx_word' id='word_1_46' title='bbox 313 1047 469 1128; x_wconf 84' lang='lat' dir='ltr'><em>Colpnrnii</em></span> <span class='ocrx_word' id='word_1_47' title='bbox 487 1059 513 1109; x_wconf 94' lang='lat' dir='ltr'><em>et</em></span> <span class='ocrx_word' id='word_1_48' title='bbox 528 1049 707 1129; x_wconf 92' lang='lat' dir='ltr'><em>porticnlam</em></span> <span class='ocrx_word' id='word_1_49' title='bbox 723 1048 852 1111; x_wconf 87' lang='lat' dir='ltr'><em>Petronii</em></span> <span class='ocrx_word' id='word_1_50' title='bbox 869 1070 940 1131; x_wconf 87' lang='lat' dir='ltr'><em>qeoos</em></span> <span class='ocrx_word' id='word_1_51' title='bbox 959 1055 1026 1111; x_wconf 90' lang='lat' dir='ltr'><em>misi</em></span> <span class='ocrx_word' id='word_1_52' title='bbox 1044 1053 1098 1112; x_wconf 85' lang='lat' dir='ltr'><em>tili</em></span> <span class='ocrx_word' id='word_1_53' title='bbox 1116 1071 1154 1113; x_wconf 86' lang='lat' dir='ltr'><em>ecc</em></span> <span class='ocrx_word' id='word_1_54' title='bbox 1168 1051 1237 1112; x_wconf 89' lang='lat' dir='ltr'><em>Bri-</em></span> 
     </span>
     <span class='ocr_line' id='line_1_7' title="bbox 126 1149 1239 1240; baseline 0.004 -21"><span class='ocrx_word' id='word_1_55' title='bbox 126 1149 250 1219; x_wconf 81' lang='lat' dir='ltr'><em>taaae‘a&#39;</em></span> <span class='ocrx_word' id='word_1_56' title='bbox 279 1157 366 1236; x_wconf 76' lang='lat' dir='ltr'><em>sidem</em></span> <span class='ocrx_word' id='word_1_57' title='bbox 383 1161 472 1236; x_wconf 88' lang='lat' dir='ltr'><em>ipitnr</em></span> <span class='ocrx_word' id='word_1_58' title='bbox 490 1157 691 1237; x_wconf 85' lang='lat' dir='ltr'><em>Tropnn&#39;ensis</em></span> <span class='ocrx_word' id='word_1_59' title='bbox 709 1160 781 1238; x_wconf 84' lang='lat' dir='ltr'><em>facit</em></span> <span class='ocrx_word' id='word_1_60' title='bbox 800 1158 905 1220; x_wconf 86' lang='lat' dir='ltr'><em>dobere</em></span> <span class='ocrx_word' id='word_1_61' title='bbox 922 1179 976 1221; x_wconf 91' lang='lat' dir='ltr'><em>nos</em></span> <span class='ocrx_word' id='word_1_62' title='bbox 990 1161 1130 1240; x_wconf 78' lang='lat' dir='ltr'><em>reliquias</em></span> <span class='ocrx_word' id='word_1_63' title='bbox 1146 1159 1200 1220; x_wconf 88' lang='lat' dir='ltr'><em>XV</em></span> <span class='ocrx_word' id='word_1_64' title='bbox 1213 1172 1239 1223; x_wconf 90' lang='lat' dir='ltr'><em>et</em></span> 
     </span>
     <span class='ocr_line' id='line_1_8' title="bbox 127 1265 1240 1346; baseline 0.004 -20"><span class='ocrx_word' id='word_1_65' title='bbox 127 1265 202 1326; x_wconf 90' lang='lat' dir='ltr'><em>XVl</em></span> <span class='ocrx_word' id='word_1_66' title='bbox 216 1266 370 1336; x_wconf 80' lang='lat' dir='ltr'><em>lilerornm,</em></span> <span class='ocrx_word' id='word_1_67' title='bbox 387 1285 510 1345; x_wconf 86' lang='lat' dir='ltr'><em>qnornm</em></span> <span class='ocrx_word' id='word_1_68' title='bbox 526 1267 560 1327; x_wconf 92' lang='lat' dir='ltr'><em>de</em></span> <span class='ocrx_word' id='word_1_69' title='bbox 576 1267 700 1346; x_wconf 74' lang='lat' dir='ltr'><em>confinio</em></span> <span class='ocrx_word' id='word_1_70' title='bbox 716 1271 828 1328; x_wconf 87' lang='lat' dir='ltr'><em>tametsi</em></span> <span class='ocrx_word' id='word_1_71' title='bbox 841 1269 981 1329; x_wconf 87' lang='lat' dir='ltr'><em>traditam</em></span> <span class='ocrx_word' id='word_1_72' title='bbox 995 1269 1070 1329; x_wconf 87' lang='lat' dir='ltr'><em>nilil</em></span> <span class='ocrx_word' id='word_1_73' title='bbox 1080 1281 1128 1341; x_wconf 90' lang='lat' dir='ltr'><em>est,</em></span> <span class='ocrx_word' id='word_1_74' title='bbox 1145 1271 1240 1331; x_wconf 79' lang='lat' dir='ltr'><em>licebit</em></span> 
     </span>
     <span class='ocr_line' id='line_1_9' title="bbox 124 1373 1237 1458; baseline 0.003 -23"><span class='ocrx_word' id='word_1_75' title='bbox 124 1378 254 1454; x_wconf 81' lang='lat' dir='ltr'><em>sortasse</em></span> <span class='ocrx_word' id='word_1_76' title='bbox 277 1378 432 1436; x_wconf 89' lang='lat' dir='ltr'><em>terminnm</em></span> <span class='ocrx_word' id='word_1_77' title='bbox 448 1379 561 1454; x_wconf 88' lang='lat' dir='ltr'><em>prioris</em></span> <span class='ocrx_word' id='word_1_78' title='bbox 578 1394 687 1455; x_wconf 84' lang='lat' dir='ltr'><em>ponere</em></span> <span class='ocrx_word' id='word_1_79' title='bbox 706 1379 738 1435; x_wconf 92' lang='lat' dir='ltr'><em>in</em></span> <span class='ocrx_word' id='word_1_80' title='bbox 758 1379 848 1455; x_wconf 91' lang='lat' dir='ltr'><em>capite</em></span> <span class='ocrx_word' id='word_1_81' title='bbox 864 1373 907 1435; x_wconf 80' lang='grc'><em>99</em></span> <span class='ocrx_word' id='word_1_82' title='bbox 922 1386 1051 1437; x_wconf 86' lang='lat' dir='ltr'><em>entremo</em></span> <span class='ocrx_word' id='word_1_83' title='bbox 1066 1378 1119 1438; x_wconf 87' lang='lat' dir='ltr'><em>nli</em></span> <span class='ocrx_word' id='word_1_84' title='bbox 1132 1397 1170 1438; x_wconf 85' lang='lat' dir='ltr'><em>aa</em></span> <span class='ocrx_word' id='word_1_85' title='bbox 1185 1397 1237 1458; x_wconf 93' lang='lat' dir='ltr'><em>op-</em></span> 
     </span>
     <span class='ocr_line' id='line_1_10' title="bbox 119 1481 1238 1566; baseline 0.004 -23"><span class='ocrx_word' id='word_1_86' title='bbox 119 1484 196 1562; x_wconf 90' lang='lat' dir='ltr'><em>pido</em></span> <span class='ocrx_word' id='word_1_87' title='bbox 212 1481 388 1561; x_wconf 78' lang='lat' dir='ltr'><em>Campaniae</em></span> <span class='ocrx_word' id='word_1_88' title='bbox 405 1483 556 1562; x_wconf 81' lang='lat' dir='ltr'><em>Encolpios</em></span> <span class='ocrx_word' id='word_1_89' title='bbox 577 1501 642 1543; x_wconf 89' lang='lat' dir='ltr'><em>cam</em></span> <span class='ocrx_word' id='word_1_90' title='bbox 658 1482 757 1544; x_wconf 77' lang='lat' dir='ltr'><em>Getone</em></span> <span class='ocrx_word' id='word_1_91' title='bbox 773 1495 800 1545; x_wconf 89' lang='lat' dir='ltr'><em>et</em></span> <span class='ocrx_word' id='word_1_92' title='bbox 815 1485 954 1565; x_wconf 80' lang='lat' dir='ltr'><em>Enmolpo</em></span> <span class='ocrx_word' id='word_1_93' title='bbox 967 1489 1119 1566; x_wconf 78' lang='lat' dir='ltr'><em>profectas</em></span> <span class='ocrx_word' id='word_1_94' title='bbox 1133 1505 1238 1548; x_wconf 87' lang='lat' dir='ltr'><em>navem</em></span> 
     </span>
     <span class='ocr_line' id='line_1_11' title="bbox 126 1590 1238 1674; baseline 0.004 -22"><span class='ocrx_word' id='word_1_95' title='bbox 126 1592 301 1652; x_wconf 89' lang='lat' dir='ltr'><em>conscendit.</em></span> <span class='ocrx_word' id='word_1_96' title='bbox 333 1593 451 1670; x_wconf 89' lang='lat' dir='ltr'><em>dmiqne</em></span> <span class='ocrx_word' id='word_1_97' title='bbox 471 1595 502 1651; x_wconf 91' lang='lat' dir='ltr'><em>in</em></span> <span class='ocrx_word' id='word_1_98' title='bbox 520 1590 656 1652; x_wconf 88' lang='lat' dir='ltr'><em>Parisino</em></span> <span class='ocrx_word' id='word_1_99' title='bbox 677 1593 771 1653; x_wconf 87' lang='lat' dir='ltr'><em>codice</em></span> <span class='ocrx_word' id='word_1_100' title='bbox 790 1591 933 1671; x_wconf 84' lang='lat' dir='ltr'><em>Frelpentii</em></span> <span class='ocrx_word' id='word_1_101' title='bbox 952 1596 1009 1673; x_wconf 79' lang='lat' dir='ltr'><em>(fr.</em></span> <span class='ocrx_word' id='word_1_102' title='bbox 1028 1592 1095 1674; x_wconf 86' lang='lat' dir='ltr'><em>Vll)</em></span> <span class='ocrx_word' id='word_1_103' title='bbox 1117 1613 1151 1655; x_wconf 89' lang='lat' dir='ltr'><em>co</em></span> <span class='ocrx_word' id='word_1_104' title='bbox 1166 1613 1238 1674; x_wconf 82' lang='lat' dir='ltr'><em>qaae</em></span> 
     </span>
     <span class='ocr_line' id='line_1_12' title="bbox 122 1699 1237 1782; baseline 0.004 -24"><span class='ocrx_word' id='word_1_105' title='bbox 122 1719 154 1780; x_wconf 96' lang='lat' dir='ltr'><em>p.</em></span> <span class='ocrx_word' id='word_1_106' title='bbox 173 1699 224 1767; x_wconf 82' lang='grc'><em>22,</em></span> <span class='ocrx_word' id='word_1_107' title='bbox 244 1701 276 1758; x_wconf 82' lang='lat' dir='ltr'><em>ll</em></span> <span class='ocrx_word' id='word_1_108' title='bbox 301 1699 439 1760; x_wconf 85' lang='lat' dir='ltr'><em>lodemns</em></span> <span class='ocrx_word' id='word_1_109' title='bbox 459 1701 668 1761; x_wconf 77' lang='lat' dir='ltr'><em>adtribuantur</em></span> <span class='ocrx_word' id='word_1_110' title='bbox 686 1699 759 1760; x_wconf 88' lang='lat' dir='ltr'><em>libro</em></span> <span class='ocrx_word' id='word_1_111' title='bbox 780 1701 859 1761; x_wconf 93' lang='lat' dir='ltr'><em>XlllI</em></span> <span class='ocrx_word' id='word_1_112' title='bbox 879 1703 955 1762; x_wconf 89' lang='lat' dir='ltr'><em>nnde</em></span> <span class='ocrx_word' id='word_1_113' title='bbox 977 1721 1024 1762; x_wconf 91' lang='lat' dir='ltr'><em>res</em></span> <span class='ocrx_word' id='word_1_114' title='bbox 1043 1706 1075 1762; x_wconf 90' lang='lat' dir='ltr'><em>in</em></span> <span class='ocrx_word' id='word_1_115' title='bbox 1091 1706 1237 1782; x_wconf 82' lang='lat' dir='ltr'><em>principio</em></span> 
     </span>
     <span class='ocr_line' id='line_1_13' title="bbox 126 1807 1237 1890; baseline 0.004 -24"><span class='ocrx_word' id='word_1_116' title='bbox 126 1808 207 1868; x_wconf 80' lang='lat' dir='ltr'><em>celat</em></span> <span class='ocrx_word' id='word_1_117' title='bbox 220 1826 309 1886; x_wconf 89' lang='lat' dir='ltr'><em>nsqne</em></span> <span class='ocrx_word' id='word_1_118' title='bbox 324 1809 362 1867; x_wconf 93' lang='lat' dir='ltr'><em>ad</em></span> <span class='ocrx_word' id='word_1_119' title='bbox 375 1827 403 1886; x_wconf 94' lang='lat' dir='ltr'><em>p.</em></span> <span class='ocrx_word' id='word_1_120' title='bbox 422 1807 470 1878; x_wconf 79' lang='lat'><em>28,</em></span> <span class='ocrx_word' id='word_1_121' title='bbox 485 1809 503 1865; x_wconf 83' lang='lat'>5</span> <span class='ocrx_word' id='word_1_122' title='bbox 519 1817 661 1869; x_wconf 88' lang='lat' dir='ltr'><em>narratas</em></span> <span class='ocrx_word' id='word_1_123' title='bbox 671 1811 842 1886; x_wconf 88' lang='lat' dir='ltr'><em>pertinnisse</em></span> <span class='ocrx_word' id='word_1_124' title='bbox 855 1814 964 1871; x_wconf 90' lang='lat' dir='ltr'><em>conicio</em></span> <span class='ocrx_word' id='word_1_125' title='bbox 977 1812 1015 1870; x_wconf 92' lang='lat' dir='ltr'><em>od</em></span> <span class='ocrx_word' id='word_1_126' title='bbox 1027 1810 1135 1870; x_wconf 84' lang='lat' dir='ltr'><em>lidrnm</em></span> <span class='ocrx_word' id='word_1_127' title='bbox 1146 1829 1237 1890; x_wconf 89' lang='lat' dir='ltr'><em>qner-</em></span> 
     </span>
     <span class='ocr_line' id='line_1_14' title="bbox 126 1917 355 1977; baseline 0 -1"><span class='ocrx_word' id='word_1_128' title='bbox 126 1929 190 1977; x_wconf 82' lang='lat' dir='ltr'><em>tam</em></span> <span class='ocrx_word' id='word_1_129' title='bbox 206 1917 355 1976; x_wconf 86' lang='lat' dir='ltr'><em>decimam.</em></span> 
     </span>
    </p>

    <p class='ocr_par' dir='ltr' id='par_1_3' title="bbox 122 2024 1282 4381">
     <span class='ocr_line' id='line_1_15' title="bbox 214 2024 1238 2107; baseline 0.004 -23"><span class='ocrx_word' id='word_1_130' title='bbox 214 2024 256 2084; x_wconf 88' lang='lat' dir='ltr'><em>De</em></span> <span class='ocrx_word' id='word_1_131' title='bbox 270 2027 397 2086; x_wconf 85' lang='lat' dir='ltr'><em>institnto</em></span> <span class='ocrx_word' id='word_1_132' title='bbox 413 2043 447 2084; x_wconf 92' lang='lat' dir='ltr'><em>oc</em></span> <span class='ocrx_word' id='word_1_133' title='bbox 462 2028 575 2085; x_wconf 90' lang='lat' dir='ltr'><em>ratione</em></span> <span class='ocrx_word' id='word_1_134' title='bbox 590 2028 675 2086; x_wconf 84' lang='lat' dir='ltr'><em>totr&#39;res</em></span> <span class='ocrx_word' id='word_1_135' title='bbox 691 2030 786 2105; x_wconf 83' lang='lat' dir='ltr'><em>operis</em></span> <span class='ocrx_word' id='word_1_136' title='bbox 801 2027 865 2087; x_wconf 87' lang='lat' dir='ltr'><em>licet</em></span> <span class='ocrx_word' id='word_1_137' title='bbox 880 2037 955 2087; x_wconf 90' lang='lat' dir='ltr'><em>certo</em></span> <span class='ocrx_word' id='word_1_138' title='bbox 970 2028 1101 2088; x_wconf 86' lang='lat' dir='ltr'><em>indicare</em></span> <span class='ocrx_word' id='word_1_139' title='bbox 1117 2026 1238 2107; x_wconf 74' lang='lat' dir='ltr'><em>difficil-</em></span> 
     </span>
     <span class='ocr_line' id='line_1_16' title="bbox 126 2133 1238 2204; baseline 0.004 -10"><span class='ocrx_word' id='word_1_140' title='bbox 126 2135 232 2194; x_wconf 88' lang='lat' dir='ltr'><em>limnm</em></span> <span class='ocrx_word' id='word_1_141' title='bbox 251 2137 300 2204; x_wconf 92' lang='lat' dir='ltr'><em>sit,</em></span> <span class='ocrx_word' id='word_1_142' title='bbox 319 2137 361 2194; x_wconf 89' lang='lat' dir='ltr'><em>ita</em></span> <span class='ocrx_word' id='word_1_143' title='bbox 381 2144 476 2193; x_wconf 89' lang='lat' dir='ltr'><em>tomen</em></span> <span class='ocrx_word' id='word_1_144' title='bbox 497 2137 674 2194; x_wconf 75' lang='lat' dir='ltr'><em>contemsisse</em></span> <span class='ocrx_word' id='word_1_145' title='bbox 689 2133 841 2196; x_wconf 79' lang='lat' dir='ltr'><em>Petronius</em></span> <span class='ocrx_word' id='word_1_146' title='bbox 860 2138 968 2195; x_wconf 88' lang='lat' dir='ltr'><em>satiras</em></span> <span class='ocrx_word' id='word_1_147' title='bbox 988 2136 1102 2196; x_wconf 87' lang='lat' dir='ltr'><em>videtnr</em></span> <span class='ocrx_word' id='word_1_148' title='bbox 1116 2147 1149 2197; x_wconf 87' lang='lat' dir='ltr'><em>nt</em></span> <span class='ocrx_word' id='word_1_149' title='bbox 1164 2137 1238 2198; x_wconf 88' lang='lat' dir='ltr'><em>elicta</em></span> 
     </span>
     <span class='ocr_line' id='line_1_17' title="bbox 124 2241 1241 2325; baseline 0.002 -22"><span class='ocrx_word' id='word_1_150' title='bbox 124 2246 262 2324; x_wconf 82' lang='lat' dir='ltr'><em>factoque</em></span> <span class='ocrx_word' id='word_1_151' title='bbox 283 2246 380 2303; x_wconf 90' lang='lat' dir='ltr'><em>omnia</em></span> <span class='ocrx_word' id='word_1_152' title='bbox 397 2241 505 2302; x_wconf 82' lang='lat' dir='ltr'><em>Groeco</em></span> <span class='ocrx_word' id='word_1_153' title='bbox 526 2260 607 2303; x_wconf 92' lang='lat' dir='ltr'><em>more</em></span> <span class='ocrx_word' id='word_1_154' title='bbox 627 2244 665 2302; x_wconf 92' lang='lat' dir='ltr'><em>ad</em></span> <span class='ocrx_word' id='word_1_155' title='bbox 684 2261 775 2304; x_wconf 82' lang='lat' dir='ltr'><em>renam</em></span> <span class='ocrx_word' id='word_1_156' title='bbox 795 2247 921 2324; x_wconf 78' lang='lat' dir='ltr'><em>referret</em></span> <span class='ocrx_word' id='word_1_157' title='bbox 934 2262 1093 2323; x_wconf 90' lang='lat' dir='ltr'><em>personam</em></span> <span class='ocrx_word' id='word_1_158' title='bbox 1107 2244 1241 2325; x_wconf 82' lang='lat' dir='ltr'><em>Encolpii</em></span> 
     </span>
     <span class='ocr_line' id='line_1_18' title="bbox 124 2350 1239 2432; baseline 0.002 -20"><span class='ocrx_word' id='word_1_159' title='bbox 124 2371 183 2412; x_wconf 90' lang='lat' dir='ltr'><em>sna</em></span> <span class='ocrx_word' id='word_1_160' title='bbox 203 2355 267 2431; x_wconf 74' lang='lat' dir='ltr'><em>feto</em></span> <span class='ocrx_word' id='word_1_161' title='bbox 287 2355 463 2412; x_wconf 88' lang='lat' dir='ltr'><em>enarrantis.</em></span> <span class='ocrx_word' id='word_1_162' title='bbox 494 2350 560 2411; x_wconf 84' lang='lat' dir='ltr'><em>leirec</em></span> <span class='ocrx_word' id='word_1_163' title='bbox 574 2351 624 2411; x_wconf 87' lang='lat' dir='ltr'><em>ille</em></span> <span class='ocrx_word' id='word_1_164' title='bbox 636 2371 666 2431; x_wconf 92' lang='lat' dir='ltr'><em>p.</em></span> <span class='ocrx_word' id='word_1_165' title='bbox 681 2353 729 2423; x_wconf 85' lang='lat'><em>77,</em></span> <span class='ocrx_word' id='word_1_166' title='bbox 749 2351 786 2412; x_wconf 88' lang='grc'><em>16</em></span> <span class='ocrx_word' id='word_1_167' title='bbox 802 2351 887 2412; x_wconf 84' lang='lat' dir='ltr'><em>ctiam</em></span> <span class='ocrx_word' id='word_1_168' title='bbox 905 2352 1069 2412; x_wconf 83' lang='lat' dir='ltr'><em>recordatio</em></span> <span class='ocrx_word' id='word_1_169' title='bbox 1086 2371 1133 2413; x_wconf 86' lang='lat' dir='ltr'><em>mc</em></span> <span class='ocrx_word' id='word_1_170' title='bbox 1147 2357 1239 2432; x_wconf 86' lang='lat' dir='ltr'><em>inqnit</em></span> 
     </span>
     <span class='ocr_line' id='line_1_19' title="bbox 128 2459 1239 2540; baseline 0.004 -22"><span class='ocrx_word' id='word_1_171' title='bbox 128 2461 154 2519; x_wconf 84' lang='lat' dir='ltr'><em>si</em></span> <span class='ocrx_word' id='word_1_172' title='bbox 174 2479 229 2538; x_wconf 78' lang='lat' dir='ltr'><em>qur</em></span> <span class='ocrx_word' id='word_1_173' title='bbox 245 2467 290 2520; x_wconf 86' lang='lat' dir='ltr'><em>est</em></span> <span class='ocrx_word' id='word_1_174' title='bbox 306 2460 411 2520; x_wconf 83' lang='lat' dir='ltr'><em>dicenti</em></span> <span class='ocrx_word' id='word_1_175' title='bbox 428 2459 516 2532; x_wconf 82' lang='lat' dir='ltr'><em>fides,</em></span> <span class='ocrx_word' id='word_1_176' title='bbox 533 2459 654 2520; x_wconf 81' lang='lat' dir='ltr'><em>offendit</em></span> <span class='ocrx_word' id='word_1_177' title='bbox 668 2471 735 2539; x_wconf 91' lang='lat' dir='ltr'><em>etp.</em></span> <span class='ocrx_word' id='word_1_178' title='bbox 752 2459 801 2531; x_wconf 85' lang='grc'><em>83,</em></span> <span class='ocrx_word' id='word_1_179' title='bbox 820 2460 857 2520; x_wconf 89' lang='grc'><em>18</em></span> <span class='ocrx_word' id='word_1_180' title='bbox 873 2461 964 2538; x_wconf 81' lang='lat' dir='ltr'><em>pudet</em></span> <span class='ocrx_word' id='word_1_181' title='bbox 978 2461 1088 2521; x_wconf 81' lang='lat' dir='ltr'><em>referre</em></span> <span class='ocrx_word' id='word_1_182' title='bbox 1103 2479 1175 2540; x_wconf 86' lang='lat' dir='ltr'><em>quae</em></span> <span class='ocrx_word' id='word_1_183' title='bbox 1191 2481 1239 2522; x_wconf 88' lang='lat' dir='ltr'><em>se-</em></span> 
     </span>
     <span class='ocr_line' id='line_1_20' title="bbox 128 2568 1282 2648; baseline 0.001 -20"><span class='ocrx_word' id='word_1_184' title='bbox 128 2575 245 2629; x_wconf 87' lang='lat' dir='ltr'><em>cuntur.</em></span> <span class='ocrx_word' id='word_1_185' title='bbox 277 2569 377 2630; x_wconf 90' lang='lat' dir='ltr'><em>deinde</em></span> <span class='ocrx_word' id='word_1_186' title='bbox 399 2587 446 2629; x_wconf 92' lang='lat' dir='ltr'><em>res</em></span> <span class='ocrx_word' id='word_1_187' title='bbox 466 2579 557 2647; x_wconf 86' lang='lat' dir='ltr'><em>pestes</em></span> <span class='ocrx_word' id='word_1_188' title='bbox 578 2569 718 2648; x_wconf 87' lang='lat' dir='ltr'><em>disposait</em></span> <span class='ocrx_word' id='word_1_189' title='bbox 733 2572 904 2647; x_wconf 83' lang='lat' dir='ltr'><em>pervarias</em></span> <span class='ocrx_word' id='word_1_190' title='bbox 919 2568 1006 2628; x_wconf 83' lang='lat' dir='ltr'><em>nrbes</em></span> <span class='ocrx_word' id='word_1_191' title='bbox 1021 2587 1093 2647; x_wconf 87' lang='lat' dir='ltr'><em>qoeas</em></span> <span class='ocrx_word' id='word_1_192' title='bbox 1105 2574 1237 2648; x_wconf 88' lang='lat' dir='ltr'><em>pereqri-</em></span> <span class='ocrx_word' id='word_1_193' title='bbox 1275 2623 1282 2639; x_wconf 76' lang='grc'><strong>,</strong></span> 
     </span>
     <span class='ocr_line' id='line_1_21' title="bbox 129 2675 1238 2757; baseline 0.002 -22"><span class='ocrx_word' id='word_1_194' title='bbox 129 2678 227 2737; x_wconf 86' lang='lat' dir='ltr'><em>nando</em></span> <span class='ocrx_word' id='word_1_195' title='bbox 239 2677 392 2757; x_wconf 84' lang='lat' dir='ltr'><em>Encolpios</em></span> <span class='ocrx_word' id='word_1_196' title='bbox 404 2677 522 2737; x_wconf 89' lang='lat' dir='ltr'><em>olierct.</em></span> <span class='ocrx_word' id='word_1_197' title='bbox 553 2687 579 2736; x_wconf 93' lang='lat' dir='ltr'><em>et</em></span> <span class='ocrx_word' id='word_1_198' title='bbox 590 2676 661 2737; x_wconf 83' lang='lat' dir='ltr'><em>libri</em></span> <span class='ocrx_word' id='word_1_199' title='bbox 674 2677 787 2755; x_wconf 89' lang='lat' dir='ltr'><em>qnidem</em></span> <span class='ocrx_word' id='word_1_200' title='bbox 802 2695 873 2754; x_wconf 86' lang='lat' dir='ltr'><em>qaae</em></span> <span class='ocrx_word' id='word_1_201' title='bbox 888 2687 1053 2746; x_wconf 80' lang='lat' dir='ltr'><em>seroornnt,</em></span> <span class='ocrx_word' id='word_1_202' title='bbox 1068 2679 1099 2736; x_wconf 88' lang='lat' dir='ltr'><em>in</em></span> <span class='ocrx_word' id='word_1_203' title='bbox 1112 2675 1238 2756; x_wconf 85' lang='lat' dir='ltr'><em>Campo-</em></span> 
     </span>
     <span class='ocr_line' id='line_1_22' title="bbox 128 2767 1238 2866; baseline 0.002 -21"><span class='ocrx_word' id='word_1_204' title='bbox 128 2789 181 2845; x_wconf 88' lang='lat' dir='ltr'><em>nio</em></span> <span class='ocrx_word' id='word_1_205' title='bbox 201 2796 327 2864; x_wconf 77' lang='lat' dir='ltr'><em>operatior</em></span> <span class='ocrx_word' id='word_1_206' title='bbox 347 2797 374 2846; x_wconf 95' lang='lat' dir='ltr'><em>et</em></span> <span class='ocrx_word' id='word_1_207' title='bbox 392 2782 472 2866; x_wconf 86' lang='lat' dir='ltr'><em>apeed</em></span> <span class='ocrx_word' id='word_1_208' title='bbox 491 2785 686 2858; x_wconf 82' lang='lat' dir='ltr'><em>Crotoniatas,</em></span> <span class='ocrx_word' id='word_1_209' title='bbox 708 2784 798 2845; x_wconf 90' lang='lat' dir='ltr'><em>oliam</em></span> <span class='ocrx_word' id='word_1_210' title='bbox 819 2794 913 2866; x_wconf 74' lang='lat' dir='ltr'><em>aretem</em></span> <span class='ocrx_word' id='word_1_211' title='bbox 933 2796 957 2845; x_wconf 89' lang='lat' dir='ltr'><em>at</em></span> <span class='ocrx_word' id='word_1_212' title='bbox 974 2767 1107 2864; x_wconf 77' lang='lat' dir='ltr'><em>priorem</em></span> <span class='ocrx_word' id='word_1_213' title='bbox 1123 2797 1238 2864; x_wconf 90' lang='lat' dir='ltr'><em>portem</em></span> 
     </span>
     <span class='ocr_line' id='line_1_23' title="bbox 126 2891 1237 2974; baseline -0.002 -18"><span class='ocrx_word' id='word_1_214' title='bbox 126 2899 293 2956; x_wconf 89' lang='lat' dir='ltr'><em>satirornm</em></span> <span class='ocrx_word' id='word_1_215' title='bbox 319 2896 397 2974; x_wconf 89' lang='lat' dir='ltr'><em>opnd</em></span> <span class='ocrx_word' id='word_1_216' title='bbox 416 2893 610 2954; x_wconf 77' lang='lat' dir='ltr'><em>Massilienses</em></span> <span class='ocrx_word' id='word_1_217' title='bbox 636 2904 731 2954; x_wconf 93' lang='lat' dir='ltr'><em>octom</em></span> <span class='ocrx_word' id='word_1_218' title='bbox 757 2911 814 2954; x_wconf 90' lang='lat' dir='ltr'><em>esse</em></span> <span class='ocrx_word' id='word_1_219' title='bbox 837 2893 939 2972; x_wconf 88' lang='lat' dir='ltr'><em>calliqo</em></span> <span class='ocrx_word' id='word_1_220' title='bbox 966 2912 1003 2953; x_wconf 89' lang='lat' dir='ltr'><em>eoa</em></span> <span class='ocrx_word' id='word_1_221' title='bbox 1021 2896 1062 2973; x_wconf 78' lang='lat' dir='ltr'><em>fr.</em></span> <span class='ocrx_word' id='word_1_222' title='bbox 1085 2891 1151 2952; x_wconf 92' lang='lat' dir='ltr'><em>llll</em></span> <span class='ocrx_word' id='word_1_223' title='bbox 1168 2905 1195 2954; x_wconf 92' lang='lat' dir='ltr'><em>ct</em></span> <span class='ocrx_word' id='word_1_224' title='bbox 1213 2892 1237 2954; x_wconf 93' lang='lat' dir='ltr'><em>l.</em></span> 
     </span>
     <span class='ocr_line' id='line_1_24' title="bbox 127 3001 1240 3083; baseline -0.003 -18"><span class='ocrx_word' id='word_1_225' title='bbox 127 3015 255 3065; x_wconf 85' lang='lat' dir='ltr'><em>ceteram</em></span> <span class='ocrx_word' id='word_1_226' title='bbox 280 3003 412 3064; x_wconf 78' lang='lat' dir='ltr'><em>incidisse</em></span> <span class='ocrx_word' id='word_1_227' title='bbox 438 3014 568 3083; x_wconf 89' lang='lat' dir='ltr'><em>snscepto</em></span> <span class='ocrx_word' id='word_1_228' title='bbox 594 3003 630 3063; x_wconf 83' lang='lat' dir='ltr'><em>ab</em></span> <span class='ocrx_word' id='word_1_229' title='bbox 651 3001 788 3082; x_wconf 81' lang='lat' dir='ltr'><em>Encolpio</em></span> <span class='ocrx_word' id='word_1_230' title='bbox 815 3006 921 3063; x_wconf 89' lang='lat' dir='ltr'><em>itinero</em></span> <span class='ocrx_word' id='word_1_231' title='bbox 940 3006 1066 3080; x_wconf 91' lang='lat' dir='ltr'><em>scriptor</em></span> <span class='ocrx_word' id='word_1_232' title='bbox 1083 3005 1179 3063; x_wconf 88' lang='lat' dir='ltr'><em>nescio</em></span> <span class='ocrx_word' id='word_1_233' title='bbox 1201 3021 1240 3062; x_wconf 92' lang='lat' dir='ltr'><em>on</em></span> 
     </span>
     <span class='ocr_line' id='line_1_25' title="bbox 126 3109 1238 3191; baseline -0.001 -19"><span class='ocrx_word' id='word_1_234' title='bbox 126 3114 252 3191; x_wconf 73' lang='lat' dir='ltr'><em>[inserit</em></span> <span class='ocrx_word' id='word_1_235' title='bbox 265 3115 296 3172; x_wconf 90' lang='lat' dir='ltr'><em>in</em></span> <span class='ocrx_word' id='word_1_236' title='bbox 310 3113 426 3173; x_wconf 75' lang='lat' dir='ltr'><em>nlnmos</em></span> <span class='ocrx_word' id='word_1_237' title='bbox 442 3130 534 3172; x_wconf 90' lang='lat' dir='ltr'><em>annos</em></span> <span class='ocrx_word' id='word_1_238' title='bbox 548 3112 651 3191; x_wconf 85' lang='lat' dir='ltr'><em>qnidns</em></span> <span class='ocrx_word' id='word_1_239' title='bbox 665 3111 807 3189; x_wconf 85' lang='lat' dir='ltr'><em>reqnalot</em></span> <span class='ocrx_word' id='word_1_240' title='bbox 823 3109 961 3170; x_wconf 81' lang='lat' dir='ltr'><em>Tiberius.</em></span> <span class='ocrx_word' id='word_1_241' title='bbox 992 3127 1063 3170; x_wconf 90' lang='lat' dir='ltr'><em>nom</em></span> <span class='ocrx_word' id='word_1_242' title='bbox 1078 3113 1129 3189; x_wconf 93' lang='lat' dir='ltr'><em>qni</em></span> <span class='ocrx_word' id='word_1_243' title='bbox 1141 3113 1173 3169; x_wconf 88' lang='lat' dir='ltr'><em>in</em></span> <span class='ocrx_word' id='word_1_244' title='bbox 1189 3129 1238 3171; x_wconf 92' lang='lat' dir='ltr'><em>ca-</em></span> 
     </span>
     <span class='ocr_line' id='line_1_26' title="bbox 122 3201 1241 3300; baseline 0 -20"><span class='ocrx_word' id='word_1_245' title='bbox 122 3223 187 3300; x_wconf 93' lang='lat' dir='ltr'><em>pite</em></span> <span class='ocrx_word' id='word_1_246' title='bbox 204 3219 246 3278; x_wconf 80' lang='lat' dir='ltr'><em>ot</em></span> <span class='ocrx_word' id='word_1_247' title='bbox 267 3221 373 3280; x_wconf 85' lang='lat' dir='ltr'><em>dicitnr</em></span> <span class='ocrx_word' id='word_1_248' title='bbox 389 3218 506 3292; x_wconf 83' lang='lat' dir='ltr'><em>Coesor,</em></span> <span class='ocrx_word' id='word_1_249' title='bbox 528 3221 558 3280; x_wconf 92' lang='lat' dir='ltr'><em>id</em></span> <span class='ocrx_word' id='word_1_250' title='bbox 577 3230 617 3280; x_wconf 93' lang='lat' dir='ltr'><em>est</em></span> <span class='ocrx_word' id='word_1_251' title='bbox 637 3223 810 3300; x_wconf 90' lang='lat' dir='ltr'><em>imperator,</em></span> <span class='ocrx_word' id='word_1_252' title='bbox 832 3201 963 3278; x_wconf 80' lang='lat' dir='ltr'><em>¹Tiberias</em></span> <span class='ocrx_word' id='word_1_253' title='bbox 978 3217 1122 3297; x_wconf 82' lang='lat' dir='ltr'><em>Anqnstns</em></span> <span class='ocrx_word' id='word_1_254' title='bbox 1137 3230 1178 3280; x_wconf 89' lang='lat' dir='ltr'><em>est</em></span> <span class='ocrx_word' id='word_1_255' title='bbox 1191 3223 1241 3299; x_wconf 89' lang='lat' dir='ltr'><em>qni</em></span> 
     </span>
     <span class='ocr_line' id='line_1_27' title="bbox 127 3326 1240 3408; baseline -0.001 -19"><span class='ocrx_word' id='word_1_256' title='bbox 127 3347 210 3390; x_wconf 82' lang='lat' dir='ltr'><em>anteo</em></span> <span class='ocrx_word' id='word_1_257' title='bbox 222 3339 288 3408; x_wconf 92' lang='lat' dir='ltr'><em>post</em></span> <span class='ocrx_word' id='word_1_258' title='bbox 299 3327 443 3388; x_wconf 85' lang='lat' dir='ltr'><em>Cdristnm</em></span> <span class='ocrx_word' id='word_1_259' title='bbox 455 3326 501 3387; x_wconf 92' lang='grc'><em>22</em></span> <span class='ocrx_word' id='word_1_260' title='bbox 511 3329 634 3408; x_wconf 74' lang='lat' dir='ltr'><em>(ebream</em></span> <span class='ocrx_word' id='word_1_261' title='bbox 647 3328 732 3388; x_wconf 90' lang='lat' dir='ltr'><em>illnm</em></span> <span class='ocrx_word' id='word_1_262' title='bbox 746 3330 819 3388; x_wconf 85' lang='lat' dir='ltr'><em>eeitri</em></span> <span class='ocrx_word' id='word_1_263' title='bbox 833 3327 949 3388; x_wconf 88' lang='lat' dir='ltr'><em>dactilis</em></span> <span class='ocrx_word' id='word_1_264' title='bbox 960 3328 1111 3406; x_wconf 76' lang='lat' dir='ltr'><em>interfecit.</em></span> <span class='ocrx_word' id='word_1_265' title='bbox 1140 3328 1240 3388; x_wconf 89' lang='lat' dir='ltr'><em>deindo</em></span> 
     </span>
     <span class='ocr_line' id='line_1_28' title="bbox 127 3434 1240 3514; baseline -0.003 -17"><span class='ocrx_word' id='word_1_266' title='bbox 127 3437 367 3498; x_wconf 84' lang='lat' dir='ltr'><em>Maecenatianus</em></span> <span class='ocrx_word' id='word_1_267' title='bbox 391 3434 546 3496; x_wconf 80' lang='lat' dir='ltr'><em>Trimalcio</em></span> <span class='ocrx_word' id='word_1_268' title='bbox 566 3447 703 3497; x_wconf 89' lang='lat' dir='ltr'><em>oocatnr:</em></span> <span class='ocrx_word' id='word_1_269' title='bbox 729 3437 829 3512; x_wconf 79' lang='lat' dir='ltr'><em>feteret</em></span> <span class='ocrx_word' id='word_1_270' title='bbox 847 3438 937 3513; x_wconf 88' lang='lat' dir='ltr'><em>iqitnr</em></span> <span class='ocrx_word' id='word_1_271' title='bbox 956 3443 988 3494; x_wconf 91' lang='lat' dir='ltr'><em>nt</em></span> <span class='ocrx_word' id='word_1_272' title='bbox 1004 3435 1148 3514; x_wconf 89' lang='lat' dir='ltr'><em>poroolns</em></span> <span class='ocrx_word' id='word_1_273' title='bbox 1163 3453 1240 3514; x_wconf 90' lang='lat' dir='ltr'><em>pner</em></span> 
     </span>
     <span class='ocr_line' id='line_1_29' title="bbox 125 3540 1238 3616; baseline 0.005 -14"><span class='ocrx_word' id='word_1_274' title='bbox 125 3565 169 3606; x_wconf 78' lang='lat' dir='ltr'><em>erc</em></span> <span class='ocrx_word' id='word_1_275' title='bbox 184 3544 251 3604; x_wconf 80' lang='lat' dir='ltr'><em>Asia</em></span> <span class='ocrx_word' id='word_1_276' title='bbox 266 3547 344 3604; x_wconf 87' lang='lat' dir='ltr'><em>oenit</em></span> <span class='ocrx_word' id='word_1_277' title='bbox 359 3543 495 3616; x_wconf 82' lang='lat' dir='ltr'><em>Romam,</em></span> <span class='ocrx_word' id='word_1_278' title='bbox 511 3548 542 3602; x_wconf 90' lang='lat' dir='ltr'><em>in</em></span> <span class='ocrx_word' id='word_1_279' title='bbox 557 3563 648 3603; x_wconf 88' lang='lat' dir='ltr'><em>mann</em></span> <span class='ocrx_word' id='word_1_280' title='bbox 663 3543 838 3602; x_wconf 87' lang='lat' dir='ltr'><em>Maecenatis</em></span> <span class='ocrx_word' id='word_1_281' title='bbox 853 3560 930 3602; x_wconf 83' lang='lat' dir='ltr'><em>cneco</em></span> <span class='ocrx_word' id='word_1_282' title='bbox 945 3542 1029 3603; x_wconf 84' lang='lat' dir='ltr'><em>nrlis</em></span> <span class='ocrx_word' id='word_1_283' title='bbox 1044 3540 1107 3602; x_wconf 71' lang='lat'><em>746</em></span> <span class='ocrx_word' id='word_1_284' title='bbox 1120 3547 1238 3607; x_wconf 82' lang='lat' dir='ltr'><em>mortni.</em></span> 
     </span>
     <span class='ocr_line' id='line_1_30' title="bbox 126 3648 1240 3733; baseline -0.004 -18"><span class='ocrx_word' id='word_1_285' title='bbox 126 3665 196 3715; x_wconf 90' lang='lat' dir='ltr'><em>ante</em></span> <span class='ocrx_word' id='word_1_286' title='bbox 217 3671 303 3733; x_wconf 92' lang='lat' dir='ltr'><em>qnam</em></span> <span class='ocrx_word' id='word_1_287' title='bbox 322 3656 353 3712; x_wconf 93' lang='lat' dir='ltr'><em>in</em></span> <span class='ocrx_word' id='word_1_288' title='bbox 371 3653 519 3732; x_wconf 76' lang='lat' dir='ltr'><em>familiam</em></span> <span class='ocrx_word' id='word_1_289' title='bbox 536 3651 591 3712; x_wconf 79' lang='lat' dir='ltr'><em>ilci</em></span> <span class='ocrx_word' id='word_1_290' title='bbox 603 3650 733 3730; x_wconf 89' lang='lat' dir='ltr'><em>Pompei,</em></span> <span class='ocrx_word' id='word_1_291' title='bbox 754 3649 878 3710; x_wconf 86' lang='lat' dir='ltr'><em>dominis</em></span> <span class='ocrx_word' id='word_1_292' title='bbox 894 3648 1037 3729; x_wconf 86' lang='lat' dir='ltr'><em>Campani</em></span> <span class='ocrx_word' id='word_1_293' title='bbox 1043 3696 1050 3718; x_wconf 82' lang='lat'><em>,</em></span> <span class='ocrx_word' id='word_1_294' title='bbox 1072 3651 1240 3729; x_wconf 88' lang='lat' dir='ltr'><em>adsnmptns</em></span> 
     </span>
     <span class='ocr_line' id='line_1_31' title="bbox 126 3758 1239 3839; baseline -0.003 -17"><span class='ocrx_word' id='word_1_295' title='bbox 126 3773 177 3822; x_wconf 86' lang='lat' dir='ltr'><em>est.</em></span> <span class='ocrx_word' id='word_1_296' title='bbox 209 3761 275 3821; x_wconf 77' lang='lat' dir='ltr'><em>ionic</em></span> <span class='ocrx_word' id='word_1_297' title='bbox 296 3761 425 3830; x_wconf 88' lang='lat' dir='ltr'><em>domino,</em></span> <span class='ocrx_word' id='word_1_298' title='bbox 447 3781 465 3819; x_wconf 93' lang='lat' dir='ltr'><em>e</em></span> <span class='ocrx_word' id='word_1_299' title='bbox 485 3779 539 3839; x_wconf 92' lang='lat' dir='ltr'><em>qno</em></span> <span class='ocrx_word' id='word_1_300' title='bbox 560 3763 664 3838; x_wconf 90' lang='lat' dir='ltr'><em>etipse</em></span> <span class='ocrx_word' id='word_1_301' title='bbox 685 3769 711 3820; x_wconf 92' lang='lat' dir='ltr'><em>et</em></span> <span class='ocrx_word' id='word_1_302' title='bbox 731 3758 875 3820; x_wconf 81' lang='lat' dir='ltr'><em>colliberti</em></span> <span class='ocrx_word' id='word_1_303' title='bbox 892 3776 998 3820; x_wconf 87' lang='lat' dir='ltr'><em>nomen</em></span> <span class='ocrx_word' id='word_1_304' title='bbox 1013 3769 1140 3828; x_wconf 83' lang='lat' dir='ltr'><em>tronere,</em></span> <span class='ocrx_word' id='word_1_305' title='bbox 1156 3770 1239 3838; x_wconf 86' lang='lat' dir='ltr'><em>qnat-</em></span> 
     </span>
     <span class='ocr_line' id='line_1_32' title="bbox 125 3867 1240 3947; baseline -0.004 -16"><span class='ocrx_word' id='word_1_306' title='bbox 125 3871 289 3932; x_wconf 87' lang='lat' dir='ltr'><em>trcordecim</em></span> <span class='ocrx_word' id='word_1_307' title='bbox 309 3886 402 3929; x_wconf 90' lang='lat' dir='ltr'><em>annos</em></span> <span class='ocrx_word' id='word_1_308' title='bbox 421 3881 485 3930; x_wconf 91' lang='lat' dir='ltr'><em>erat</em></span> <span class='ocrx_word' id='word_1_309' title='bbox 504 3870 542 3930; x_wconf 88' lang='lat' dir='ltr'><em>ad</em></span> <span class='ocrx_word' id='word_1_310' title='bbox 563 3868 692 3937; x_wconf 84' lang='lat' dir='ltr'><em>delicias,</em></span> <span class='ocrx_word' id='word_1_311' title='bbox 716 3867 818 3947; x_wconf 90' lang='lat' dir='ltr'><em>plnres</em></span> <span class='ocrx_word' id='word_1_312' title='bbox 838 3873 922 3929; x_wconf 90' lang='lat' dir='ltr'><em>etiem</em></span> <span class='ocrx_word' id='word_1_313' title='bbox 942 3867 1105 3946; x_wconf 56' lang='lat' dir='ltr'><em>serviebat„</em></span> <span class='ocrx_word' id='word_1_314' title='bbox 1122 3867 1240 3946; x_wconf 77' lang='lat' dir='ltr'><em>deniqne</em></span> 
     </span>
     <span class='ocr_line' id='line_1_33' title="bbox 125 3975 1240 4057; baseline -0.004 -18"><span class='ocrx_word' id='word_1_315' title='bbox 125 3997 220 4040; x_wconf 87' lang='lat' dir='ltr'><em>mann</em></span> <span class='ocrx_word' id='word_1_316' title='bbox 240 3981 345 4038; x_wconf 84' lang='lat' dir='ltr'><em>missas</em></span> <span class='ocrx_word' id='word_1_317' title='bbox 365 3989 390 4037; x_wconf 92' lang='lat' dir='ltr'><em>et</em></span> <span class='ocrx_word' id='word_1_318' title='bbox 406 3997 461 4057; x_wconf 89' lang='lat' dir='ltr'><em>per</em></span> <span class='ocrx_word' id='word_1_319' title='bbox 480 3977 665 4038; x_wconf 81' lang='lat' dir='ltr'><em>hereditatem</em></span> <span class='ocrx_word' id='word_1_320' title='bbox 685 3986 767 4056; x_wconf 89' lang='lat' dir='ltr'><em>atqne</em></span> <span class='ocrx_word' id='word_1_321' title='bbox 781 3981 1001 4057; x_wconf 89' lang='lat' dir='ltr'><em>nepotiotionem</em></span> <span class='ocrx_word' id='word_1_322' title='bbox 1015 3979 1144 4056; x_wconf 78' lang='lat' dir='ltr'><em>[ortanis</em></span> <span class='ocrx_word' id='word_1_323' title='bbox 1160 3975 1240 4036; x_wconf 87' lang='lat' dir='ltr'><em>locre-</em></span> 
     </span>
     <span class='ocr_line' id='line_1_34' title="bbox 124 4087 1241 4168; baseline -0.005 -20"><span class='ocrx_word' id='word_1_324' title='bbox 124 4088 252 4168; x_wconf 88' lang='lat' dir='ltr'><em>pletetns</em></span> <span class='ocrx_word' id='word_1_325' title='bbox 267 4087 341 4146; x_wconf 83' lang='lat' dir='ltr'><em>lana</em></span> <span class='ocrx_word' id='word_1_326' title='bbox 361 4087 539 4164; x_wconf 86' lang='lat' dir='ltr'><em>transiqedat</em></span> <span class='ocrx_word' id='word_1_327' title='bbox 555 4089 685 4165; x_wconf 89' lang='lat' dir='ltr'><em>primam</em></span> <span class='ocrx_word' id='word_1_328' title='bbox 700 4096 867 4146; x_wconf 89' lang='lat' dir='ltr'><em>seneatntam</em></span> <span class='ocrx_word' id='word_1_329' title='bbox 883 4089 1011 4163; x_wconf 88' lang='lat' dir='ltr'><em>m&#39;taeqne</em></span> <span class='ocrx_word' id='word_1_330' title='bbox 1026 4095 1136 4144; x_wconf 88' lang='lat' dir='ltr'><em>restare</em></span> <span class='ocrx_word' id='word_1_331' title='bbox 1149 4103 1241 4144; x_wconf 82' lang='lat' dir='ltr'><em>cronos</em></span> 
     </span>
     <span class='ocr_line' id='line_1_35' title="bbox 126 4193 1239 4274; baseline -0.007 -17"><span class='ocrx_word' id='word_1_332' title='bbox 126 4199 250 4274; x_wconf 85' lang='lat' dir='ltr'><em>triqintc</em></span> <span class='ocrx_word' id='word_1_333' title='bbox 265 4195 321 4255; x_wconf 84' lang='lat' dir='ltr'><em>sili</em></span> <span class='ocrx_word' id='word_1_334' title='bbox 333 4203 529 4274; x_wconf 80' lang='lat' dir='ltr'><em>persenserat,</em></span> <span class='ocrx_word' id='word_1_335' title='bbox 547 4210 613 4255; x_wconf 91' lang='lat' dir='ltr'><em>cnm</em></span> <span class='ocrx_word' id='word_1_336' title='bbox 628 4194 782 4273; x_wconf 81' lang='lat' dir='ltr'><em>Encolpios</em></span> <span class='ocrx_word' id='word_1_337' title='bbox 797 4197 828 4254; x_wconf 87' lang='lat' dir='ltr'><em>in</em></span> <span class='ocrx_word' id='word_1_338' title='bbox 844 4193 987 4255; x_wconf 87' lang='lat' dir='ltr'><em>caloniam</em></span> <span class='ocrx_word' id='word_1_339' title='bbox 998 4196 1111 4270; x_wconf 85' lang='lat' dir='ltr'><em>einsqece</em></span> <span class='ocrx_word' id='word_1_340' title='bbox 1124 4193 1239 4252; x_wconf 91' lang='lat' dir='ltr'><em>domnm</em></span> 
     </span>
     <span class='ocr_line' id='line_1_36' title="bbox 127 4299 1241 4381; baseline -0.005 -17"><span class='ocrx_word' id='word_1_341' title='bbox 127 4307 259 4366; x_wconf 83' lang='lat' dir='ltr'><em>devertit.</em></span> <span class='ocrx_word' id='word_1_342' title='bbox 291 4303 360 4364; x_wconf 87' lang='lat' dir='ltr'><em>laec</em></span> <span class='ocrx_word' id='word_1_343' title='bbox 375 4307 401 4364; x_wconf 89' lang='lat' dir='ltr'><em>si</em></span> <span class='ocrx_word' id='word_1_344' title='bbox 416 4303 594 4364; x_wconf 87' lang='lat' dir='ltr'><em>contenderis</em></span> <span class='ocrx_word' id='word_1_345' title='bbox 610 4321 674 4364; x_wconf 85' lang='lat' dir='ltr'><em>crem</em></span> <span class='ocrx_word' id='word_1_346' title='bbox 690 4306 841 4381; x_wconf 89' lang='lat' dir='ltr'><em>opnomine</em></span> <span class='ocrx_word' id='word_1_347' title='bbox 853 4301 1073 4370; x_wconf 82' lang='lat' dir='ltr'><em>Maecenationi,</em></span> <span class='ocrx_word' id='word_1_348' title='bbox 1090 4305 1120 4360; x_wconf 88' lang='lat' dir='ltr'><em>in</em></span> <span class='ocrx_word' id='word_1_349' title='bbox 1136 4299 1241 4378; x_wconf 76' lang='lat' dir='ltr'><em>delini-</em></span> 
     </span>
    </p>
   </div>
   <div class='ocr_carea' id='block_1_3' title="bbox 0 0 1508 4962">
    <p class='ocr_par' dir='ltr' id='par_1_4' title="bbox 0 0 1508 4962">
     <span class='ocr_line' id='line_1_37' title="bbox 0 0 1508 4962; baseline 0 0"><span class='ocrx_word' id='word_1_350' title='bbox 0 0 1508 4962; x_wconf 95' lang='lat' dir='ltr'><em> </em></span> 
     </span>
    </p>
   </div>
  </div>
 </body>
</html>
