3008 4962
1112 508 1198 554 xvnn

84 655 165 720 quae
176 655 234 712 nec
245 637 296 702 diu
306 645 404 701 tamen
412 659 444 720 p.
457 639 507 714 95,
525 639 560 700 11
575 657 663 720 usque
674 642 713 704 act
723 640 821 704 infelix
833 643 922 703 mado
936 643 1067 705 cunibus
1079 644 1202 723 nitebas,

84 756 117 809 at
131 767 217 810 nunc
226 748 319 809 leuior
330 765 396 810 aere
408 747 452 809 uel
465 748 593 809 rotunda
605 749 733 810 sidentes
745 749 823 828 fugis
835 755 863 809 ei
873 750 958 812 times
971 751 1082 830 puellos
1090 773 1121 832 p.
1132 752 1202 829 135,

85 857 105 916 5
124 856 399 937 complectebantur.
426 860 551 938 popinae
566 857 651 918 iuius
666 857 772 918 codicis
782 875 843 918 nna
858 873 983 937 puaepuc
999 859 1136 920 binarum
1150 877 1204 921 cr·

85 966 210 1037 diuum,
228 967 300 1028 ordo
315 985 392 1026 unus
407 969 523 1045 quisque
537 968 600 1046 sere
614 969 756 1028 tricenum
770 983 915 1026 uersuum.
946 969 1093 1046 scriptura
1109 967 1202 1042 clara,

86 1072 302 1153 artkoprapicia
317 1091 404 1153 quam
418 1073 648 1134 emendatissima
662 1077 721 1134 nisi
734 1075 809 1154 quari
824 1093 857 1136 ae
872 1073 919 1134 ael
933 1093 949 1147 e
961 1084 988 1135 et
997 1093 1013 1135 e
1023 1075 1203 1158 frequentius

83 1185 314 1260 permiscentur,
339 1182 507 1262 compendia
522 1185 771 1262 praepositionum
790 1181 896 1256 multa,
924 1181 1108 1262 syliabarum
1123 1201 1202 1263 pau·

88 1293 185 1362 ciera,
198 1290 356 1352 aeriarum
366 1289 459 1352 nullo.
474 1291 652 1352 unaduaeue
663 1293 777 1371 saepius
789 1289 931 1352 litterulae
942 1308 1037 1365 rasae,
1048 1292 1124 1371 quod
1131 1309 1201 1372 per·
1243 1309 1247 1318 ’

87 1417 164 1460 rara
177 1401 280 1459 natavi
289 1401 357 1479 quia
369 1398 511 1462 librarius
521 1401 562 1462 ita
570 1409 687 1479 peccata
698 1417 752 1461 sua
761 1409 931 1460 correxerat
941 1409 1039 1460 utnon
1048 1410 1204 1479 appareret

88 1507 161 1586 puisi
181 1517 267 1567 antea
285 1509 426 1586 scrc'ptum
439 1508 537 1586 fuerit.
563 1505 633 1567 iaaac
648 1504 675 1588 Ἰ.
692 1511 774 1586 sipna
790 1507 966 1569 lacunarum
981 1510 1123 1568 recentior
1137 1526 1203 1569 ma·
1263 1589 1269 1600 .

88 1633 147 1676 nus
165 1618 306 1676 interiecit
324 1617 449 1696 fortasse
468 1614 625 1694 Bonparsii
642 1618 692 1694 qui
710 1615 819 1676 tibrum
836 1616 1012 1696 possederat.
1043 1613 1203 1676 Berneusia

88 1722 168 1803 solia
184 1732 253 1804 past
268 1723 411 1784 Oreils'um
427 1722 589 1802 diiipeutius
604 1722 775 1784 contulimus
791 1723 827 1783 ab
843 1722 969 1803 Steipero
986 1722 1202 1786 bibliothecario

90 1831 275 1892 commodata
289 1829 454 1893 Theodorus
465 1831 660 1892 Mommsenus
675 1849 740 1890 cum
757 1829 913 1909 Repentina
928 1840 955 1892 et
969 1831 1004 1891 ab
1019 1829 1119 1892 Ottone
1130 1827 1203 1892 Ret-

91 1939 190 2000 becitia
207 1947 323 2019 accepta
338 1957 388 2019 epo
404 1959 469 2000 cum
484 1938 740 2000 Amstelodamensi
754 1918 956 2018 Trapuriensis
971 1935 1117 2018 exempla,
1137 1937 1201 1998 lei-

91 2048 194 2108 densia
213 2047 291 2108 sotus
305 2046 504 2112 Mommsenus,
520 2067 585 2108 cum
600 2047 763 2127 Bipontina.
793 2051 825 2107 in
839 2065 873 2107 ea
890 2046 1038 2127 particula
1052 2057 1203 2127 encarpto-

90 2174 162 2217 mam
188 2173 261 2236 quae
285 2158 396 2217 neutris
415 2154 536 2217 illarum
557 2155 807 2235 comprehenditur
827 2153 966 2216 stabimus
985 2153 1149 2218 Pitiuaeanis
1169 2156 1203 2217 de

90 2263 331 2326 Altissiodnrensi
344 2266 518 2326 testimoniis.

143 2461 146 2466 ¹
180 2473 217 2536 0:
234 2473 323 2536 coiea
341 2472 496 2536 Vaticanus
512 2475 623 2538 ordinis
638 2473 668 2534 N
679 2493 708 2534 n.
726 2472 790 2534 119
804 2469 892 2551 (670)
913 2471 1039 2533 Vrbinas
1053 2470 1201 2534 membra-
1220 2482 1240 2532 c

92 2601 201 2644 naceus
227 2586 417 2666 quatemaria
440 2584 541 2663 forma
567 2582 681 2644 saeculo
703 2579 759 2641 XV
774 2579 877 2661 pulcre
897 2583 1030 2660 sumptus.
1064 2583 1096 2642 iu
1121 2579 1203 2643 timia

94 2691 212 2754 aureoli
224 2693 356 2772 varir‘pue
371 2691 477 2754 colorus
491 2691 561 2753 haec
576 2690 712 2770 lepuntur

581 2797 621 2860 IN
637 2795 713 2858 HOC

517 2906 650 2969 CODIOE
667 2903 780 2967 CONTI

411 3026 413 3030 “
452 3014 603 3077 NENTVR
618 3015 739 3076 PVBLII
760 3013 848 3074 RVTl
903 3075 913 3090 κ

453 3124 503 3185 LII
554 3123 751 3185 SCHEMATA
794 3121 844 3182 ΕΤ

453 3231 668 3293 PETRONIVS
685 3229 845 3291 ARBITER

452 3339 503 3400 ΕΤ
519 3339 708 3401 FVLGENTI
725 3337 845 3401 ΜΙΤΗΟ

489 3447 682 3509 LOGIARVM
697 3447 745 3508 ET
761 3447 812 3507 EX

502 3555 654 3617 POSITIO
671 3553 797 3615 SERMO

519 3663 598 3725 NVM
613 3661 782 3736 ANTIQVO

615 3771 694 3833 tht

98 3883 248 3946 Petronius
261 3880 369 3962 finibus
388 3882 562 3942 terminatur
580 3880 723 3961 saliorum
742 3877 785 3939 38
805 3889 832 3939 et
845 3873 897 3938 66.
931 3874 1051 3939 contulit
1064 3895 1129 3938 eum
1141 3893 1206 3938 aum

101 3992 254 4072 Bipantina
269 3989 333 4052 Otto
347 3987 470 4052 Iahnius
484 3987 593 4050 Romae
609 4006 704 4049 mense
715 3986 877 4049 Novembri
891 3990 963 4048 anni
977 3983 1068 4046 1838.

182 4181 224 4243 D:
245 4183 336 4245 roden
349 4181 535 4246 Florentinus
549 4180 764 4244 Laurentianus
779 4181 872 4262 plutei
887 4178 996 4242 XCVII
1008 4197 1038 4240 u.
1058 4179 1100 4240 31
1116 4187 1246 4238 mem-1)

60 4303 63 4309 “
104 4293 262 4356 iconomus
280 4295 471 4373 quaternaria
488 4293 589 4372 [orma
608 4287 722 4353 soeculo
740 4287 797 4349 XV
813 4288 914 4368 pulcre
934 4292 1058 4367 scriptus
1077 4297 1103 4348 et
1117 4287 1206 4346 minio

974 4386 1009 4436 Β*
