3078 4956
575 443 783 500 FRAGMENTA
1165 441 1228 508 207

656 601 695 663 lll

220 721 287 784 lara
298 720 454 784 adlloraa'
463 722 544 802 epod.
561 717 651 782 Vae.-
672 719 790 784 Cauidis
804 717 914 782 rodens
929 719 1074 798 pollicem]
1095 718 1229 782 hobitum

135 825 170 878 et
187 826 273 881 matus
287 819 419 882 Canidiae
437 819 582 900 expressit
599 819 734 881 lureutis.
764 817 921 880 Petronius
941 825 975 880 ut
987 824 1167 880 monstraret
1179 816 1228 880 iu-

135 925 250 992 monn,
262 908 382 998 ‘polliae'
397 918 438 980 ait
447 910 555 999 ‘usque
569 917 605 980 ad
620 917 780 999 perieulum
795 907 874 978 roso'

653 1127 706 1188 llll

214 1246 348 1310 Sidonim
361 1247 541 1328 Apollinaris
555 1249 695 1309 carminis
708 1242 814 1306 xxm
817 1264 826 1306 :

344 1361 392 1412 145
427 1345 496 1426 quid
512 1363 564 1405 vos
580 1343 686 1422 eloquii
703 1361 804 1406 canem
820 1343 929 1418 Latini,

425 1443 566 1523 Arpinas,
582 1441 731 1518 Patavina,
746 1439 923 1505 Manluaoe?
934 1477 976 1487 —-

344 1558 392 1608 155
427 1548 456 1602 et
469 1549 498 1602 te
511 1540 735 1602 Massiliensium
751 1560 805 1621 per
819 1541 925 1603 hortos

426 1639 501 1700 sacri
517 1639 639 1720 stipitis,
655 1638 784 1714 Arbiter,
800 1638 938 1700 colonum

425 1736 656 1816 Hellespontiaco
672 1755 772 1817 parem
788 1733 920 1817 Priapo?

194 1906 249 1965 ‘illi
260 1913 463 1963 Massiliensium
481 1911 548 1962 lorti
565 1929 617 1962 non
636 1921 688 1963 tam
705 1911 769 1962 milti
780 1911 881 1962 Arbitri
893 1911 1012 1977 patriam
1029 1910 1096 1976 sipni
1114 1927 1173 1963 aare
1192 1913 1232 1963 ui-

133 1985 220 2036 dentur
243 2001 322 2051 quam
340 1999 422 2034 mores
440 1983 486 2048 qui
504 1992 528 2032 et
545 1983 668 2033 Plautino
681 1983 822 2048 prouerbio
840 1990 864 2032 et
882 1982 1008 2032 Athenaei
1025 1981 1133 2033 historia
1149 1985 1233 2035 notati

131 2051 195 2107 sunt’
215 2056 345 2108 Ptrnoem.
382 2071 479 2104 sacrum
504 2057 610 2119 stipitem
633 2070 707 2104 nemo
729 2055 822 2119 opinor
840 2071 894 2119 pro
912 2070 986 2105 eruce
1006 2051 1232 2105 demandetis:

131 2129 200 2178 immo
210 2127 323 2194 saeilius
341 2141 502 2192 apnosoerem
519 2126 543 2176 si
560 2126 617 2190 quis
635 2126 789 2176 capessunt
799 2127 930 2191 scriptoris
942 2124 1024 2176 uerba
1035 2125 1155 2192 ambipua
1171 2129 1232 2177 hor·

129 2270 250 2321 Sidonius
268 2269 376 2319 uidetur·
398 2285 428 2319 ea
449 2285 515 2334 quae
534 2269 563 2318 in
579 2269 667 2318 satiris
685 2267 822 2318 Petronius
839 2276 1006 2332 narrauerat,
1024 2278 1097 2319 ratus
1114 2269 1233 2321 uidelicet

129 2342 233 2392 eundem
256 2356 309 2391 eoae
327 2341 477 2391 Petronium
499 2347 576 2404 etque
597 2340 753 2404 Encolpium
777 2339 822 2404 qui
840 2341 943 2404 primas
966 2340 1061 2391 larum
1076 2341 1232 2406 fabularum

123 2420 211 2478 partes
230 2411 328 2478 opedam.
365 2427 435 2462 secer·
458 2413 533 2475 stipes
557 2419 594 2460 est
615 2411 714 2477 lipneus
732 2411 861 2476 Priapus,
886 2414 948 2460 seori
972 2413 1059 2475 stipitis
1082 2428 1127 2477 per
1144 2415 1232 2462 hortos

127 2485 316 2534 Massiliensium
335 2485 451 2533 colonum
469 2484 527 2532 dicit
539 2498 596 2533 eum
608 2483 654 2547 qui
666 2499 743 2534 sacra
757 2481 853 2548 Priapi
870 2481 944 2547 opud
956 2481 1129 2532 Massilienses
1148 2483 1232 2548 coluit,

127 2564 172 2606 aut
185 2555 302 2622 sortasse
326 2554 465 2619 respiciens
489 2553 525 2603 ad
548 2569 602 2604 rem
626 2554 782 2620 simpularern
804 2554 912 2605 relatam
935 2570 953 2602 o
971 2552 1091 2603 Petronio
1113 2569 1170 2604 eum
1188 2554 1233 2619 qui

127 2625 269 2692 aliqnando
291 2626 320 2676 in
342 2624 545 2676 Massiliensibus
569 2625 648 2675 hortis
671 2624 804 2676 dedicauit
826 2624 963 2688 Priapum.
1001 2623 1123 2674 concludo
1144 2625 1232 2689 ipitan,

126 2698 196 2763 quod
213 2697 300 2748 tieem
319 2696 454 2763 (ipraldus
476 2713 529 2746 non
550 2697 657 2746 multum
675 2697 746 2762 afuit
761 2697 825 2763 quin
842 2696 996 2761 intelleperet
1014 2711 1071 2746 curn
1088 2695 1121 2746 de
1138 2696 1234 2746 Massi·

126 2769 247 2820 liensidus
271 2768 403 2834 scripsisse
421 2767 572 2819 Petronium
589 2767 672 2832 dimit,
691 2769 846 2833 Encolpium
863 2767 937 2818 utin
957 2765 1102 2832 Cannensis
1119 2775 1143 2818 et
1160 2766 1234 2832 opud

129 2840 289 2892 Crotoniatas
307 2841 346 2890 ita
363 2840 439 2890 etiam
457 2839 591 2891 Massiliae
609 2839 771 2904 aliquantum
788 2839 907 2904 temporis
924 2846 1056 2889 uersatum
1073 2841 1132 2890 e'sse.
1164 2838 1235 2905 quod

124 2913 147 2961 si
170 2928 262 2963 uerum
284 2920 333 2975 est,
361 2927 413 2962 non
436 2910 608 2962 dubitabimus
633 2911 697 2976 quin
721 2911 749 2961 in
771 2909 859 2961 eodem
883 2910 948 2961 libra
965 2911 1107 2960 satirarum
1124 2909 1234 2962 Seruius

125 3000 192 3049 qaae
210 2983 316 3047 scripsit
324 2982 366 3048 fr.
385 2982 406 3032 Ι
421 2982 570 3048 reppererit.
601 2998 648 3046 par
664 2984 756 3047 Priapo
769 2981 874 3036 sialiter
891 2989 1001 3033 uaeaner
1018 2982 1082 3048 quia
1094 2982 1235 3048 Mraoolpius

124 3056 177 3106 nilo
201 3054 314 3105 deterius
338 3054 495 3104 mutonianas
519 3069 597 3118 quam
615 3053 740 3105 Mutunus
764 3062 800 3104 tot
824 3061 958 3118 tantasque
980 3069 1020 3104 res
1038 3055 1152 3106 mentula
1170 3054 1235 3106 duae
1275 3109 1279 3116 ,

125 3134 247 3192 parserat,
266 3125 358 3190 quibus
377 3125 454 3174 etiam
471 3125 547 3175 lodie
566 3140 632 3190 qaae
650 3133 740 3176 entant
756 3125 889 3178 cananae
907 3125 1019 3193 resartae
1034 3134 1095 3177 sunt

130 3201 180 3248 156
200 3198 268 3249 Graii
288 3199 386 3262 cespitis
411 3195 526 3248 Valesius

673 3393 697 3455 V

213 3507 384 3570 Pn'scianus
402 3512 613 3572 institutionum
632 3506 705 3569 Vlll
716 3508 759 3571 16
778 3529 810 3591 p.
827 3507 889 3570 381
909 3518 936 3570 et
958 3505 1002 3569 XI
1015 3505 1102 3588 2911.
1117 3503 1181 3567 567
1196 3506 1235 3569 ll.

130 3610 205 3668 inter
224 3607 358 3688 caempla
378 3608 481 3688 quibus
501 3609 702 3688 deponentium
721 3607 881 3669 aeriorum
902 3610 1062 3688 portiapia
1082 3610 1239 3688 praeteriti

133 3709 268 3786 temporis
281 3711 433 3788 passivam
453 3707 691 3788 sipnificotionem
705 3705 811 3768 holere
827 3707 970 3768 declarat:
991 3705 1148 3768 Petronius
1160 3697 1236 3768 ‘aui-

131 3823 208 3868 mom
223 3813 328 3868 uestro
345 3806 506 3887 amplexum
522 3796 651 3887 pestore’

200 3980 248 4022 aut
264 3990 316 4022 non
335 3973 492 4023 emeoluserot
509 3973 572 4023 haec
588 3971 703 4023 numeris
722 3971 857 4022 Petronius
875 3979 1042 4022 uniuersum
1060 3971 1137 4022 soluit
1150 3989 1236 4039 pram·

132 4044 237 4093 metictas
326 4053 437 4094 nostram
449 4045 478 4094 in
495 4044 559 4094 libro
576 4043 623 4093 XI
636 4043 832 4110 Bamberpensis
850 4040 1026 4108 Sanpallensis
1037 4043 1173 4094 Leidernis

133 4116 156 4162 in
174 4122 233 4164 unte
251 4123 352 4179 pectore
376 4114 486 4166 additur
503 4116 532 4166 in
549 4115 614 4166 libro
638 4114 721 4165 VIII.
756 4116 781 4164 iu
801 4129 905 4178 corpore
923 4114 1044 4166 Pithoeus
1167 4131 1236 4183 περι-

134 4186 297 4257 πλεχθεῒσαν
312 4187 424 4253 plateam
441 4186 469 4238 in
487 4187 551 4238 libro
575 4185 654 4237 VIII
669 4185 808 4250 adscripsit
825 4185 977 4238 Priscianus
