3022 4956
317 417 377 482 130
787 411 944 466 rnraoun

315 569 445 632 crinibus
461 565 579 650 capita?
593 567 704 630 vultum
719 569 797 632 enim
814 569 863 649 qni
874 573 1032 650 permutat,
1046 566 1178 630 fraudem
1191 574 1281 648 parat,
1294 585 1353 629 non
1368 586 1413 628 sa·
1428 577 1446 628 t

314 668 519 730 tisiactiouem.
554 667 671 742 deinde,
699 667 724 728 si
751 665 870 746 gratiam
892 686 909 727 a
933 667 1028 746 legato
1054 665 1263 740 moliebantur,
1289 665 1356 746 qnid
1378 665 1414 725 ita

316 765 415 826 omnia
430 765 534 840 fecisti,
549 774 582 828 ut
597 784 673 846 quos
688 763 827 836 tuebaris,
844 763 1066 827 absconderes?
1095 783 1129 826 ex
1145 784 1204 844 quo
1220 770 1337 845 apparet
1350 782 1414 824 casu
1493 752 1494 828 l

315 865 452 927 incidisse
482 865 589 926 noxios
615 863 645 924 iu
671 863 770 942 plagas
798 869 827 923 et
851 869 879 922 te
906 869 999 924 artem
1026 864 1192 944 quaesisse,
1224 882 1280 943 qua
1304 871 1416 924 nostrae

315 962 577 1026 animadversionis
592 962 735 1040 impetum
752 961 894 1023 eluderes.
921 979 990 1023 nam
1006 962 1084 1042 quod
1099 962 1238 1023 invidiam
1252 961 1325 1023 lacis
1335 960 1416 1022 nobis
1433 975 1444 1022 s

316 1061 461 1142 ingenuos
477 1062 679 1140 honestosque
695 1059 861 1132 clamando,
883 1058 961 1133 vide,
982 1079 1019 1122 ne
1035 1061 1210 1122 deteriorem
1226 1061 1315 1122 iacias
1331 1059 1418 1121 conii-

316 1161 413 1223 dentia
429 1178 574 1221 caussam.
605 1159 673 1239 quid
694 1158 800 1219 debent
819 1157 888 1218 laesi
902 1159 1011 1232 lacere,
1030 1159 1081 1221 nbi
1102 1159 1144 1220 rei
1159 1159 1194 1220 ad
1210 1176 1337 1239 poenam
1352 1177 1417 1219 con·

315 1254 455 1337 lugiunt?
485 1257 607 1319 atenim
625 1255 711 1319 amici
725 1256 845 1317 luerunt
860 1257 964 1317 nostri.
995 1277 1029 1319 eo
1046 1257 1156 1319 maiora
1168 1265 1341 1319 meruerunt
1351 1275 1417 1335 sup·

316 1356 416 1436 plicia3
436 1374 505 1417 nam
521 1353 571 1432 qui
588 1354 704 1431 ignotos
720 1354 821 1426 laedit,
840 1354 914 1415 latro
931 1356 1105 1436 appellatur,
1125 1357 1175 1436 qui
1190 1356 1316 1428 amicos,
1336 1354 1415 1434 paulo
1494 1351 1495 1354 ’

316 1454 415 1514 minus
436 1471 522 1532 quam
542 1441 704 1531 parricida.²
733 1452 853 1512 resolvit
872 1453 1036 1534 Eumolpos
1058 1461 1113 1515 tam
1130 1455 1261 1534 iniquam
1278 1455 1414 1516 declama·
1431 1471 1452 1520 to

316 1553 427 1613 tionem
448 1559 478 1612 et
495 1539 655 1630 ‘intelligo‘
670 1540 862 1629 iuquit‘uibil
883 1552 976 1630 magis
996 1553 1101 1613 obesse
1120 1552 1277 1615 iuvenibus
1299 1553 1416 1625 miseris,

317 1668 404 1730 quam
431 1649 509 1730 quod
530 1658 616 1711 nocte
638 1649 839 1728 deposnerunt
858 1648 991 1729 capillos:
1018 1649 1075 1710 boc
1095 1659 1270 1728 argumento
1288 1651 1416 1713 incidisse
1487 1675 1491 1686 ·

217 1788 223 1802 ·
316 1749 451 1811 videntur
470 1747 630 1822 iunavem,
651 1745 852 1809 nunvenisse.
883 1745 961 1825 quod
976 1743 1061 1805 velim
1076 1753 1136 1806 tam
1151 1746 1275 1810 candide
1289 1750 1324 1811 ad
1339 1767 1414 1810 aures

316 1854 427 1910 vestras
453 1848 614 1927 perveniat,
641 1865 727 1926 quam
755 1844 926 1924 simpliciter
948 1851 1063 1922 gestum
1084 1853 1137 1906 est.
1174 1847 1329 1910 voluerunt
1347 1846 1413 1907 enim

316 1954 383 2008 ante
398 1964 485 2026 quam
502 1944 746 2018 conscenderent,
767 1960 924 2004 exonerare
943 1942 1035 2020 capita
1058 1943 1183 2005 molesto
1199 1954 1228 2007 et
1243 1963 1411 2028 supervacuo
1426 1958 1449 2007 lt

316 2043 462 2124 pondere,
490 2042 542 2103 sed
566 2042 687 2103 celerior
705 2050 808 2103 ventus
828 2041 940 2102 distulit
958 2041 1117 2103 curationis
1138 2045 1336 2124 propositum.
1367 2061 1413 2104 nec

315 2147 414 2201 tamen
431 2147 605 2219 putaverunt
620 2139 655 2200 ad
671 2157 734 2200 rem
749 2139 908 2219 pertinere,
925 2139 973 2200 ubi
988 2139 1166 2221 inciperent,
1182 2144 1263 2222 quod
1279 2144 1413 2225 placuerat

317 2246 350 2298 ut
369 2239 464 2312 tieret,
487 2239 552 2317 qnia
576 2255 628 2298 nec
644 2255 732 2298 omen
747 2255 802 2299 nec
816 2238 908 2317 legem
924 2239 1121 2317 navigantium
1138 2232 1302 2302 noveraut’
1326 2230 1411 2320 ‘quid’

315 2336 410 2415 iuquit
429 2335 534 2397 Lichas
559 2327 690 2398 ‘attinuit
710 2337 857 2416 supplices
878 2334 1000 2398 radere?
1020 2337 1078 2398 nisi
1099 2338 1176 2400 iorte
1199 2338 1414 2400 miserabiliores

316 2434 387 2496 calvi
403 2436 499 2497 solent
513 2455 587 2497 esse.
618 2453 794 2515 quamquam
811 2434 879 2514 quid
895 2434 997 2500 attinet
1007 2436 1155 2497 veritatem
1171 2456 1225 2516 per
1235 2438 1412 2518 interpretem
1426 2452 1449 2502 tt

316 2529 476 2612 quaerere?
503 2534 571 2614 quid
588 2534 659 2596 dicis
675 2541 717 2607 tn,
732 2529 830 2593 latro?
845 2550 919 2612 quae
935 2534 1117 2596 salamandra
1129 2536 1286 2614 supercilia
1296 2545 1346 2599 tua
1356 2555 1414 2598 exs-
1497 2579 1498 2594 ,

316 2627 415 2692 ussit?
446 2631 560 2694 enideo
576 2631 687 2694 crinem
704 2627 831 2692 vovisti?
860 2631 1028 2710 pharmaco,
1042 2625 1209 2713 responde?

248 2732 307 2794 108
402 2730 612 2810 obstupueram
633 2749 686 2809 ego
708 2727 843 2808 supplicii
863 2737 942 2791 metu
957 2732 1092 2809 pavidus,
1113 2731 1252 2811 neuquid
1267 2732 1300 2795 in
1315 2753 1413 2796 rema·

315 2827 505 2889 niiestissima
521 2830 656 2901 dicerem,
674 2828 865 2900 inveniebam,
880 2828 1013 2890 turbatus
1029 2837 1057 2890 et
1073 2829 1212 2890 deformis
1225 2841 1341 2910 praeter
1352 2853 1413 2914 spo·

314 2923 375 2986 liati
389 2925 491 3004 capitis
508 2926 633 2988 dedecus
649 2914 873 3006 superciliorum
889 2925 974 2986 etiam
991 2927 1100 3006 aequali
1113 2945 1179 2988 cum
1191 2928 1291 2992 fronte
1304 2933 1411 3004 calvitie,
1426 2942 1449 2992 tt

315 3029 348 3084 ut
365 3021 436 3082 nihil
455 3041 511 3084 nec
529 3025 624 3085 facere
645 3025 761 3086 deceret
780 3042 834 3085 nec
854 3023 960 3085 dicere.
990 3032 1022 3085 ut
1036 3045 1104 3087 vero
1124 3028 1250 3107 spongia
1264 3031 1323 3091 uda
1338 3031 1413 3092 iacies

315 3120 460 3199 plorantis
487 3122 600 3182 detersa
627 3130 672 3183 est
697 3131 726 3184 et
749 3123 938 3202 liquefactum
953 3130 1016 3202 'per
1041 3133 1137 3186 toturn
1167 3145 1201 3187 os
1228 3133 1413 3190 atramentum

317 3217 416 3280 omnia
438 3219 548 3281 scilicet
565 3218 730 3282 liniamenta
750 3222 886 3300 fuliginea
902 3221 980 3282 nube
995 3223 1139 3298 confudit,
1160 3224 1190 3285 in
1213 3226 1316 3288 odium
1338 3247 1367 3289 se
1380 3227 1414 3288 ira

316 3318 467 3381 convertit.
504 3325 591 3399 negat
613 3317 775 3399 Eumolpus
798 3339 958 3400 passurum
982 3339 1027 3397 se,
1052 3329 1086 3383 ut
1105 3322 1259 3403 quisquam
1280 3324 1413 3406 ingenuos

387 3495 402 3543 8
422 3496 499 3545 nostri
517 3493 599 3559 LTp,
618 3503 692 3546 uetus
711 3495 825 3546 Pitheci:
843 3497 893 3546 mei
912 3503 923 3545 t
1029 3513 1059 3547 eo
1074 3505 1120 3562 pt:
1139 3505 1163 3548 et
1181 3499 1214 3563 L,
1232 3509 1348 3565 marqot

317 3566 546 3630 101tum01p0sL
566 3583 583 3616 u
601 3566 756 3618 Mommseuo
769 3567 887 3618 collatus:
906 3569 1043 3632 Eumolpus
1050 3577 1090 3634 pt.
1120 3568 1321 3634 Graecasoeuaa
1333 3573 1414 3639 ubique

314 3652 473 3702 restituenda
535 3657 577 3724 '13
591 3656 616 3704 in
631 3671 722 3705 nauem
734 3656 848 3704 uidentur
861 3664 1035 3720 transponunt
1040 3665 1075 3722 pt
1150 3674 1221 3708 aures
1235 3641 1293 3711 ires
1306 3659 1339 3722 L,
1353 3675 1413 3710 aures

314 3728 451 3786 nostresp:
471 3733 566 3773 uestras
580 3735 675 3776 cureat
757 3729 790 3776 20
804 3727 984 3792 quanqucmL
1069 3731 1100 3777 21
1116 3731 1413 3792 soluselomendrelibii:

314 3792 367 3839 sole
378 3791 483 3842 inducit
491 3793 648 3850 Richardua.
668 3813 759 3860 quaeso
771 3797 899 3849 substituit
908 3799 1047 3860 Reiectum·
1065 3801 1144 3850 latro?
1163 3818 1179 3851 e
1190 3809 1214 3851 te
1228 3818 1322 3866 quaeso
1333 3820 1364 3852 au
1376 3803 1413 3854 Ic-

315 3861 413 3912 cobsiua
485 3869 593 3915 excussit
606 3876 648 3917 tue
660 3869 767 3919 icum-'tit
774 3868 903 3921 Antonius
967 3873 1060 3921 exussit
1070 3871 1176 3923 Deuca:
1190 3876 1299 3924 excussit
1310 3874 1370 3925 libri

315 3935 348 3980 25
363 3931 388 3981 it
399 3933 429 3983 ici
441 3941 477 3983 eat
489 3937 563 3985 ctiam
572 3939 659 4000 primo
671 3941 762 3991 ucraui
771 3943 948 4007 praepositum
957 3942 982 3992 L
1053 3946 1150 4007 aequali
1159 3951 1184 3994 et
1194 3946 1292 3995 caluitio
1301 3944 1413 3996 Mustela·

314 4019 373 4054 roca:
391 4007 500 4068 aequalis
519 4014 544 4056 ct
558 4010 667 4059 caluities
680 4011 740 4062 libri
829 4018 861 4063 27
876 4022 983 4063 estante
995 4029 1040 4078 per
1053 4014 1116 4064 cdd.
1129 4015 1155 4065 L
1171 4015 1201 4065 iu
1213 4015 1348 4080 principio
1364 4034 1413 4067 uec

314 4091 358 4125 eus
447 4078 481 4126 28
500 4079 593 4127 scilicet
610 4079 765 4145 interpretor
777 4076 904 4148 δηλονότιε
922 4102 958 4135 mn
970 4087 1043 4135 simul
1056 4085 1237 4138 scribendum?
1254 4088 1339 4137 miuus
1356 4097 1414 4139 recte

314 4155 373 4200 cute
391 4149 475 4197 omniu
491 4148 706 4214 iuterpuuqcbaut
795 4158 903 4220 fuliginis
922 4164 1035 4222 maryot
1124 4161 1229 4209 confusa
1246 4160 1376 4224 redierunt,
1391 4162 1413 4210 in

312 4221 375 4270 uam
393 4234 420 4269 se
439 4221 523 4270 odium
541 4236 631 4286 marco
650 4229 666 4276 t.
702 4225 869 4277 misericordia
882 4244 935 4293 pro
953 4231 990 4279 ire
1008 4227 1079 4283 Lu.
1094 4228 1242 4283 Grououiua
