3022 4956
578 417 721 468 sfflffl
1140 425 1198 484 141

60 587 93 638 do
106 575 192 656 tisque
205 575 239 636 ad
254 574 472 636 monimentum
487 572 624 644 venisset,
639 579 755 650 putaret
769 571 917 651 expirasse
927 591 1018 654 super
1029 593 1137 656 corpus
1148 576 1202 636 viri

107 675 316 754 pudicissimam
338 690 471 732 uxorem.
502 679 632 732 ceterum
646 668 803 731 delectatus
819 670 902 732 miles
918 679 947 731 et
960 671 1056 736 forma
1071 675 1201 736 mulieris
1229 667 1232 671 ’
1318 675 1320 684 ’

107 781 131 834 et
144 779 261 846 secreto,
282 769 422 850 quicquid
436 768 507 830 boni
522 788 576 847 per
588 769 741 830 facultates
756 777 884 851 poterat,
900 770 1050 832 coemebat
1064 779 1093 832 et
1105 772 1201 852 prima

107 871 192 932 statim
214 877 301 933 nocte
322 869 352 930 in
373 875 598 928 monumentum
616 869 738 928 ferebat
768 869 863 948 itaque
882 869 970 930 unius
990 869 1121 930 cruciarii
1147 889 1201 948 pa-

81 983 92 1029 5
107 976 192 1029 rentes
212 976 246 1029 ut
264 967 401 1029 viderunt
418 966 540 1026 urnam
562 965 741 1038 custodiam,
762 967 911 1029 detraxere
924 975 1011 1028 nocte
1026 969 1201 1048 pendentem

105 1086 293 1146 supremoque
308 1065 519 1126 mandaverunt
533 1063 640 1125 officio.
669 1073 699 1124 at
714 1065 796 1126 miles
811 1066 1050 1146 circumscriptus
1062 1067 1132 1128 dum
1147 1067 1200 1127 de-

106 1165 181 1237 sidet,
195 1174 227 1227 ut
241 1173 363 1244 postero
379 1163 425 1224 die
441 1160 512 1222 vidit
526 1178 616 1221 unam
631 1163 694 1222 sine
709 1164 847 1225 cadavere
863 1184 992 1238 crucem,
1007 1166 1115 1226 veritus
1127 1182 1201 1243 sup-

105 1263 210 1341 plicium
227 1263 351 1336 mulieri,
366 1262 437 1341 quid
452 1259 615 1332 accidisset,
630 1263 762 1340 exponit:
778 1281 832 1324 nec
846 1283 879 1324 se
893 1269 1110 1342 expectaturum
1125 1261 1201 1323 iudi-

107 1364 142 1423 cis
156 1363 337 1435 sententiam,
353 1362 403 1422 sed
420 1360 514 1439 gladic
530 1360 576 1420 ius
592 1359 737 1420 dicturum
752 1361 880 1439 ignaviae
892 1381 971 1424 suae.
1001 1359 1202 1422 commodaret

70 1467 92 1515 10
107 1480 167 1539 ergo
186 1462 229 1522 ilia
246 1460 376 1541 perituro
392 1459 489 1520 locum
509 1466 538 1518 ct
551 1457 636 1518 fatale
651 1460 848 1520 conditorium
864 1507 872 1520 .
888 1507 895 1521 .
913 1458 1067 1522 ‚familiari
1086 1477 1120 1519 ac
1139 1457 1199 1517 viro

105 1559 209 1622 faceret.
239 1560 344 1620 mulier
365 1576 426 1618 non
441 1558 540 1618 minus
556 1557 828 1636 misericorsquam
842 1559 949 1638 pudica
960 1551 1025 1618 “ne
1038 1547 1137 1619 istud''
1153 1555 1200 1616 in-

105 1659 160 1736 quit
168 1650 234 1720 “dei
249 1658 356 1734 sinant,
372 1664 406 1718 ut
419 1655 523 1716 ecdem
537 1663 673 1735 tempore
689 1657 816 1717 duorum
830 1656 901 1716 mihi
913 1655 1132 1716 carissimorum
1142 1655 1202 1715 hc-

104 1757 207 1818 minnm
227 1758 286 1819 dno
308 1757 413 1817 funera
433 1761 572 1834 spectem.
602 1753 679 1814 malo
700 1762 850 1815 mortuum
870 1753 1040 1834 impendere
1055 1772 1143 1832 qnam
1158 1737 1216 1814 vi?

168 2024 180 2070 1
200 2023 381 2072 monimentum
396 2021 473 2085 peri
491 2018 516 2068 Β
666 2019 768 2068 ueniens
788 2019 899 2068 lectrices
918 2036 966 2068 sua
985 2019 1138 2080 carricaturis,
1159 2033 1200 2066 ue-

104 2093 160 2142 nisse
179 2093 206 2142 F
310 2101 408 2157 putaret
425 2089 532 2154 scripsi:
550 2097 662 2152 putasset
678 2089 739 2139 iibri
851 2093 975 2154 expirasse
994 2090 1030 2140 sic
1048 2087 1204 2139 ABFGLP

105 2180 154 2212 nan
171 2165 270 2216 Ioanne
378 2165 423 2212 uiri
441 2177 530 2225 corpus
548 2160 655 2210 innertit
671 2160 696 2211 L
804 2166 820 2210 2
839 2161 958 2228 ceterum]
978 2169 1003 2212 et
1014 2160 1110 2211 indeP

104 2237 201 2285 mulieris
220 2254 268 2288 mn.
289 2232 502 2285 ACDEFOPTs
633 2235 647 2281 3
667 2243 691 2282 ct
710 2249 758 2285 om.
778 2240 794 2294 t,
813 2249 865 2282 non
887 2232 912 2281 Τ
1032 2233 1147 2296 quiequid
1165 2231 1201 2281 sic

105 2306 248 2357 ABFeLP
265 2323 322 2358 eam
334 2307 436 2356 Ioanne
543 2305 636 2353 habere
655 2311 714 2354 ante
732 2313 829 2368 poterat
848 2303 911 2357 add.
931 2320 943 2353 s
957 2295 995 2353 ‘et
1011 2311 1129 2388 quatuor·
1140 2296 1198 2353 aiii

106 2378 192 2429 codices
210 2369 325 2430 Boscdii.
363 2379 422 2427 item
441 2383 457 2441 t
476 2392 527 2425 noa
550 2373 574 2422 T
714 2378 730 2425 4
749 2384 904 2425 momentum
922 2376 947 2425 B
967 2374 1088 2460 absorpta
1105 2377 1131 2425 ni
1149 2375 1200 2458 apl-

105 2448 156 2499 laha
260 2452 355 2500 terebat
368 2457 430 2514 post
446 2413 520 2497 docte
534 2445 625 2510 posen
636 2444 749 2496 Ioannes
857 2449 929 2496 unius
948 2463 1060 2497 crncrarn
1072 2446 1111 2496 L.
1128 2448 1200 2496 unius

106 2524 205 2572 anuceria
223 2521 262 2586 B,
287 2523 360 2570 unius
379 2520 488 2570 crnearie
506 2518 542 2580 P,
562 2519 634 2566 unius
653 2534 709 2567 curn
728 2519 830 2568 sicarie
850 2517 886 2580 d,
911 2519 982 2568 unius
1001 2519 1103 2567 cruciati
1121 2516 1201 2567 Ioan-

105 2607 152 2655 nes,
174 2595 288 2644 cruciarii
311 2594 383 2641 nnius
402 2593 529 2654 Apicum
546 2589 676 2655 florilegio
696 2589 743 2639 sed
766 2591 867 2639 cruciati
884 2605 973 2654 marqo
991 2589 1030 2651 A,
1055 2588 1200 2638 eruciuneu-

105 2699 199 2748 lusorie
219 2697 248 2748 F
262 2698 309 2747 aed
327 2698 438 2746 cruciarii
456 2698 528 2745 unius
546 2712 635 2762 scarpo
648 2694 680 2758 F,
700 2669 859 2745 crueiuneuid
877 2697 927 2746 arie
941 2695 977 2758 D,
997 2696 1109 2746 cruciarii
1127 2696 1199 2744 unius

106 2770 148 2818 arie
164 2770 197 2832 G,
216 2771 318 2820 cruciati
336 2771 407 2818 nnius
425 2784 453 2828 s,-
471 2778 586 2831 parentes
606 2768 717 2816 cruciarii
735 2769 808 2816 uuina
826 2777 878 2818 arte
898 2777 924 2816 nt
942 2767 969 2816 E
1090 2767 1199 2829 parentis

101 2839 245 2907 florilegium
353 2843 499 2890 ilaxatnm
517 2840 630 2888 custodia
647 2837 676 2887 F
779 2837 1127 2889 detraxeredBODEGPat
1144 2854 1201 2887 cum

102 2911 233 2978 florilepic:
253 2915 383 2962 detrahere
402 2909 434 2973 F,
454 2913 614 2970 detraxerunt
632 2911 675 2974 Lp
694 2927 752 2960 eam
769 2909 877 2972 Ioanne,
896 2910 1067 2962 Memmiantca

108 2994 169 3033 noete
186 3000 265 3050 saper
286 2999 365 3033 uersa
386 2982 510 3047 scripturn
527 2981 553 3032 B
698 2986 712 3030 6
732 2990 757 3031 et
774 2997 889 3045 supremo
909 2981 1021 3032 Ioannes
1028 2996 1200 3066 ,suppremo-

108 3069 146 3114 qne
163 3055 215 3120 FP,
236 3069 285 3119 qne
303 3070 382 3119 super
398 3051 565 3118 scriptandi
681 3054 830 3102 mandarunt
847 3054 872 3102 L
991 3061 1050 3104 eet
1156 3055 1201 3104 cir-

105 3129 250 3206 eunscriptus
268 3127 308 3190 L,
333 3129 425 3176 circum
444 3132 559 3190 pectunt
576 3123 651 3173 cuius
669 3141 758 3190 margo
776 3125 964 3190 circunscriptus
983 3134 1009 3174 et
1024 3141 1101 3190 pecus
1118 3124 1202 3179 tacet.

105 3185 143 3247 al.
160 3191 357 3262 circumspectus’
379 3197 500 3247 Pitlaoens
523 3195 601 3260 idque
615 3194 718 3258 placuit
736 3195 859 3257 Heinaic;
878 3198 946 3246 miles
966 3198 1068 3261 ddigens
1087 3197 1202 3261 appelia-

109 3269 168 3316 tna
159 3287 185 3318 an
193 3269 293 3335 sadala
312 3268 445 3318 Perottina
463 3266 537 3316 XIV
552 3270 585 3316 25
705 3269 800 3317 desidet
819 3269 843 3316 J
840 3275 879 3332 pt
899 3268 1011 3318 Ioannes
1014 3267 1201 3334 ,florilepiams

108 3340 185 3390 residet
196 3341 292 3405 reliqna
383 3345 395 3389 7
416 3341 493 3388 'uidit
511 3343 625 3402 postero
639 3340 677 3388 dic
690 3340 715 3388 Α
805 3341 820 3387 8
840 3341 904 3402 quod
918 3338 1051 3398 ausen
1069 3339 1095 3389 B
1108 3339 1201 3388 ancre-

105 3423 163 3470 pare
179 3429 234 3462 earn
253 3412 277 3461 A
297 3427 342 3477 epo
359 3428 412 3461 non
429 3410 520 3460 notaui
608 3411 697 3459 accidit
715 3410 741 3458 P
828 3419 1014 3474 expectaturum
1024 3411 1061 3459 sic
1073 3408 1202 3460 ABFGL

109 3495 157 3530 cum
173 3483 272 3533 donnae
290 3485 436 3532 sententiam
454 3483 540 3531 iudicis
560 3488 746 3530 trammatante
872 3485 885 3530 9
906 3483 1076 3531 commodaret
1094 3480 1202 3546 BPTps

109 3558 238 3612 commodet
258 3554 343 3604 ODLt
360 3571 416 3604 cam
426 3553 555 3619 florilepio
573 3560 597 3602 et
613 3552 774 3615 asenniam,
794 3554 924 3602 commode
944 3551 997 3616 dd,
1016 3555 1202 3603 commendaret

109 3623 188 3675 sedin
204 3627 321 3692 scamina
339 3641 354 3675 ο
373 3625 406 3688 F,
425 3620 583 3675 commendet
601 3624 639 3687 A,
658 3625 817 3690 commendat
835 3625 871 3686 Ε,
892 3626 1070 3674 commendans
1089 3623 1202 3675 Ioannes

106 3703 158 3754 post
171 3698 250 3748 locum
268 3696 427 3760 interpolans
445 3697 585 3760 prouiderat
677 3697 708 3744 10
721 3711 781 3759 ergo
794 3693 963 3746 adnuens:
982 3698 1057 3746 modo
1076 3711 1108 3747 en
1121 3713 1202 3761 prae-

111 3765 200 3818 cedente
217 3785 275 3819 noae
293 3777 384 3818 natum
395 3766 514 3831 BLPTp
533 3783 590 3816 cnm
603 3766 745 3816 Ioannet
721 3775 745 3816 et
755 3767 885 3834 florilegio
903 3775 928 3817 ct
944 3768 1108 3834 Memmiana,
1127 3772 1200 3820 mado

111 3871 148 3920 aed
163 3874 314 3941 inmaryine
332 3891 348 3938 g
368 3874 397 3923 F
525 3875 567 3923 illa
585 3890 633 3923 om.
651 3873 704 3923 BP
720 3873 841 3938 Ioannes,
859 3876 901 3924 ills
918 3876 1026 3940 perituro
1044 3893 1090 3926 ona.
1113 3875 1142 3925 F
1156 3875 1201 3926 secl

112 3942 165 3996 add.
182 3962 267 4012 scarpo
286 3945 315 3996 F
417 3938 552 4010 periturum
572 3945 596 3994 B
709 3962 842 3996 commuue
856 3955 920 4011 puto
938 3947 1100 3998 intercidisse

115 4014 139 4060 ll
157 4017 263 4068 seeiatL
282 4017 453 4068 Memmiadae
570 4034 602 4078 ne
620 4017 757 4067 Heinsius:
776 4033 822 4067 nce
841 4017 901 4068 libri
1008 4021 1092 4092 inquid
1104 4017 1201 4086 florile-

111 4084 185 4147 ςὶιιτη,Ι
202 4106 246 4141 oon.
266 4089 427 4141 ABOFGPs
538 4093 568 4137 1⁵2
588 4090 700 4138 desinont
712 4089 751 4151 B,
770 4091 802 4138 dii
822 4091 904 4141 sinant
922 4090 1006 4155 ceteri,
1027 4081 1199 4152 desumto,

113 4155 140 4203 dii
155 4169 247 4210 sument
267 4161 292 4211 P
418 4161 611 4224 carissimorum]
631 4161 761 4210 izimorum
780 4161 805 4210 Α
936 4164 1065 4213 homiuum
1086 4164 1134 4211 duo
1153 4175 1200 4214 om,

114 4225 141 4290 L,
151 4228 309 4300 florilapinna,
328 4232 508 4296 Memmiana,
527 4230 713 4297 cdiroprapicus
732 4234 839 4284 Doaaae
