3008 4962
303 387 343 448 24
780 377 936 432 enrnonu

303 555 377 619 quae
387 536 491 599 iniuria
501 535 619 616 depulsa
627 534 721 597 iuerat
729 534 830 596 ancilla
838 540 930 594 totam
938 532 1041 596 faciem
1050 534 1112 596 eius
1121 533 1431 616 iuliginelongaper·l

301 635 400 697 fricuit
419 643 447 696 et
466 653 528 696 non
549 634 700 695 sentientis
719 632 800 694 labra
816 633 1016 712 humerosque
1031 631 1120 712 sopiti
1188 635 1298 694 onibus
1314 634 1409 712 pinxit.

303 735 359 796 iam
376 753 430 814 ego
445 733 532 796 etiam
546 740 592 794 tot
605 731 688 792 malis
703 731 841 809 fatigatus
857 731 1012 792 minimum
1025 730 1110 792 veluti
1127 738 1244 811 gustum
1257 733 1409 793 hauseram

303 831 416 904 somni3
438 831 514 893 idem
535 839 563 892 et
582 835 643 891 tota
664 829 739 890 intra
760 829 1017 908 lorisquetlamilia
1033 829 1153 901 fecerat,
1175 838 1261 910 atque
1277 831 1327 891 alii
1342 830 1411 891 circa

302 930 393 1012 pedes
410 928 655 992 discumbentium
673 927 767 1008 sparsi
783 926 928 1002 iacebant,
945 927 990 988 alii
1007 927 1166 1008 parietibus
1183 929 1331 1009 appliciti,
1351 929 1434 1008 qui-s

302 1028 369 1090 dam
389 1030 419 1090 in
439 1031 504 1110 ipso
524 1027 623 1089 limine
639 1025 801 1088 coniunctis
822 1025 989 1088 marcebant
1008 1024 1410 1106 capitibus31ucernaequo-

303 1146 359 1208 que
378 1128 504 1188 humore
523 1125 648 1186 defectae
668 1132 758 1187 tenue
778 1131 806 1184 et
826 1132 987 1186 extremum
1007 1122 1107 1184 lumen
1127 1124 1324 1203 spargebant:
1352 1143 1410 1185 eum

302 1225 360 1286 duo
378 1225 441 1303 Syri
457 1223 608 1303 expilaturi
626 1224 796 1302 [lagoenam]
814 1222 972 1284 triclinium
988 1220 1177 1293 intraverunt,
1195 1222 1329 1302 dumque
1344 1223 1411 1283 inter

302 1329 456 1400 argentum
479 1322 588 1384 avidius
609 1322 756 1394 rixantur,
783 1320 930 1382 diductam
951 1319 1101 1398 fregerunt
1119 1318 1282 1396 lagoenam.
1315 1319 1411 1380 cecidit

302 1422 389 1482 etiam
407 1438 506 1481 mensa
522 1438 587 1480 cum
604 1424 735 1497 argento,
751 1425 781 1478 et
795 1416 915 1479 ancillae
927 1435 1015 1495 super
1026 1424 1125 1479 torum
1138 1415 1296 1478 marcentis
1311 1435 1410 1477 excus—
1424 1424 1444 1472 tn

303 1538 370 1580 sum
389 1520 465 1580 forte
485 1516 570 1580 altius
590 1514 728 1596 poculum
749 1513 952 1594 caputtetigit.
983 1513 1018 1574 ad
1034 1533 1119 1593 quem
1136 1513 1227 1575 ictum
1244 1513 1409 1576 exclamavit
1487 1511 1488 1534 ³

303 1617 349 1678 illa
366 1617 529 1698 pariterque
549 1622 578 1675 et
595 1615 676 1675 fures
698 1611 828 1694 prodidit
839 1618 868 1672 et
883 1601 994 1690 partem
1010 1611 1158 1674 ebriorum
1176 1612 1321 1674 excitavit.
1353 1611 1410 1692 Syri

302 1715 342 1776 illi
365 1714 414 1796 qui
435 1721 573 1776 venerant
593 1714 628 1775 ad
649 1710 806 1792 praedam,
823 1717 980 1788 postquam
997 1709 1199 1789 deprehensos
1215 1731 1247 1772 se
1260 1711 1408 1772 intellexe-

302 1821 386 1886 ruut,
410 1814 518 1893 pariter
533 1811 694 1874 secundum
711 1810 817 1870 lectum
834 1809 1034 1880 conciderunt,
1051 1816 1082 1871 ut
1096 1818 1215 1888 putares
1230 1806 1408 1872 hoc'conre-

303 1911 392 1984 nisse,
409 1917 438 1972 et
452 1918 573 1973 stertere
588 1919 725 1988 tanquam
741 1908 810 1994 olim
826 1907 1005 1968 dormientes
1022 1916 1190 1988 coeperunt.
1422 1917 1441 1965 tt

387 2007 445 2068 iam
466 2016 494 2070 et
513 2007 722 2069 tricliniarches
741 2012 928 2084 experrectus
948 2004 1074 2065 lucernis
1095 2004 1298 2067 occidentibus
1319 2006 1408 2067 oleum

303 2105 457 2178 infuderat,
471 2113 499 2167 et
509 2105 592 2186 pueri
605 2102 729 2164 detersis
741 2103 887 2182 paulisper
899 2102 993 2163 oculis
1005 2102 1150 2164 redierant
1162 2103 1198 2164 ad
1206 2103 1407 2173 ministerium,

246 2202 286 2264 23
303 2222 370 2265 eum
390 2203 503 2266 intrans
525 2201 718 2284 cymbalistria
739 2208 768 2261 et
787 2219 968 2280 concrepans
988 2220 1054 2262 aera
1074 2221 1177 2264 omues
1194 2203 1337 2265 excitavit.
1367 2219 1408 2262 rc-

302 2303 410 2363 fectum
433 2302 520 2382 igitur
541 2309 586 2363 est
601 2300 764 2362 convivium
781 2306 810 2360 et
823 2317 926 2360 rursus
944 2299 1083 2372 Quartilla
1098 2301 1133 2362 ad
1149 2300 1313 2362 bibendum
1329 2317 1407 2362 revo-

303 2401 384 2462 cavit.
416 2402 523 2464 adiuvit
537 2400 709 2462 hilaritatem
726 2397 913 2460 comissantis
930 2397 1135 2477 cymbalistria
1420 2407 1441 2457 n

852 2504 872 2548 e

387 2575 476 2639 intrat
491 2577 637 2651 cinaedus,
652 2576 743 2636 homo
757 2573 890 2635 omnium
902 2572 1117 2635 insulsissimus
1129 2579 1157 2634 et
1169 2572 1253 2652 plane
1265 2573 1313 2635 illa
1326 2574 1407 2635 domo

377 2771 389 2816 l
410 2783 473 2831 quea
498 2770 596 2818 inritata
619 2771 709 2819 iniuria
733 2771 845 2833 repulsae
866 2771 947 2819 soeret
960 2768 1093 2834 Heinsius,
1113 2786 1176 2834 quoe
1189 2773 1304 2821 iniuriam
1317 2771 1407 2836 repulsu
1486 2797 1487 2804 κ

302 2840 391 2888 uteret
415 2839 529 2887 incertus
547 2840 621 2902 apud
638 2839 847 2902 Hadrianum,
873 2856 936 2905 quae
961 2841 1050 2890 iniuria
1072 2845 1196 2906 repulsum
1215 2846 1305 2892 tulerat
1324 2839 1406 2892 Hilde-

302 2907 419 2958 brondus
437 2908 474 2958 uel
492 2909 587 2973 Apulei
604 2918 661 2963 met.
679 2910 709 2959 X
717 2914 752 2959 24
760 2927 790 2974 p.
802 2915 853 2960 947
967 2913 1037 2976 larga
1055 2912 1280 2978 Innperrnunnns;
1305 2916 1407 2976 maligne

269 2997 272 3002 ·
303 2979 462 3044 suspicabor.
492 2982 658 3045 ortfuligines
676 2981 806 3046 spongia?
914 2984 1112 3035 isentieutieIt
1126 2984 1159 3038 F.
1175 2985 1326 3035 Gronouius

303 3053 392 3115 sopiti.
406 3089 412 3102 .
426 3053 529 3103 ,ouibus
548 3053 657 3103 scribere
670 3053 754 3102 uisum
767 3062 817 3104 est:
835 3055 997 3119 sopitionibus
1010 3054 1080 3118 libri,
1100 3058 1154 3120 supi
1166 3058 1291 3106 titionibus
1305 3066 1329 3108 el
1342 3053 1407 3118 sopiti

302 3123 427 3171 titionibus
446 3139 535 3187 mcrpo
548 3123 581 3186 L,
600 3126 751 3188 scriptionib.
770 3133 795 3174 et
811 3127 884 3188 sopiti
895 3141 984 3191 marpo
999 3133 1015 3178 t.
1043 3128 1128 3190 sopitis
1146 3129 1271 3178 titionibus
1286 3128 1407 3178 Gruterus

303 3209 353 3257 quo
371 3193 439 3242 nibil
455 3194 581 3258 ineptius;
600 3197 758 3259 scopionibus
770 3195 896 3245 Heinsius
913 3197 1031 3261 idemque
1052 3195 1408 3262 Garu1037‚10oebuuuli

303 3266 474 3330 scorpionibus
494 3267 637 3330 sopionibus
656 3268 804 3331 scipionibus
822 3267 883 3316 libri
901 3267 1033 3329 eubibent5
1053 3270 1137 3333 sopitis
1157 3271 1303 3319 carbonibus
1322 3267 1406 3320 Hilde-

303 3336 419 3388 brandus
432 3337 448 3387 l.
463 3355 484 3387 s.
512 3340 600 3402 supini,
612 3355 665 3388 non
677 3339 757 3402 sopiti,
771 3341 918 3388 carbonibus
931 3338 1081 3389 Petronium
1093 3339 1194 3392 dedisse
1207 3341 1324 3390 existimo

304 3411 318 3458 6
338 3413 483 3460 mercebsut
490 3418 535 3475 pt:
554 3413 689 3460 manebunt
707 3411 732 3459 L
830 3409 947 3474 fortasse
965 3413 1127 3475 lueemeeque
1230 3415 1245 3461 8
1266 3409 1407 3463 exsiccaturi

303 3480 364 3532 LF
377 3481 539 3543 tirunculus,¹
553 3499 597 3549 epo
611 3482 641 3533 0.
652 3481 747 3532 Iubnio
760 3489 863 3531 auctore
874 3482 965 3531 seclusi
976 3483 1107 3546 lagoenam
1197 3499 1303 3547 eumque
1317 3485 1343 3534 L

302 3554 382 3615 tetigit
394 3553 487 3617 scripsi
492 3573 499 3602 .·
517 3556 590 3618 fregit
603 3554 669 3606 libri.
694 3555 767 3617 capiti
780 3553 879 3616 infregit
891 3553 934 3602 uel
945 3555 1048 3618 impegit
1060 3553 1193 3605 Heinsius.
1218 3555 1272 3604 noli
1284 3549 1408 3620 smpicuri

302 3637 381 3683 paene
394 3632 470 3686 capnt
482 3626 555 3687 fregit
640 3628 671 3674 13
685 3624 883 3688 postesquemL
966 3620 992 3674 si
1006 3620 1261 3689 deprihensoerse
1275 3629 1407 3691 deprehen·

303 3705 343 3739 sos
351 3699 384 3753 pt
476 3696 507 3741 14
521 3695 568 3742 hos
580 3695 678 3744 Daniel
688 3703 718 3743 ut
729 3698 875 3744 conuenisse
887 3695 986 3745 ualeret
997 3697 1117 3746 conuiuas
1130 3712 1196 3753 essee
1210 3699 1260 3746 huc
1269 3697 1406 3748 Bourdelo

302 3761 376 3810 nunu
485 3766 516 3812 15
537 3772 636 3814 stertere
649 3765 717 3814 libri.
733 3757 797 3830 ‘lepe
820 3773 921 3815 stertere
936 3783 988 3831 pro
1006 3762 1114 3817 flectere’
1133 3767 1267 3818 Memmius
1353 3771 1407 3834 post

302 3839 438 3895 coeperunt
456 3833 605 3883 asteriscum
622 3835 716 3884 babent
727 3844 767 3900 pt,
783 3827 847 3886 ‘non
866 3845 902 3887 est
914 3838 1037 3888 tamenin
1049 3855 1075 3890 u.
1090 3832 1119 3889 c.'
1135 3855 1225 3904 murpo
1238 3847 1255 3892 t.
1273 3854 1357 3903 neque
1369 3851 1406 3903 epo

302 3902 423 3952 lucrinum
435 3905 588 3970 siprnficcui,
602 3907 666 3970 quia
677 3906 744 3956 nibil
756 3906 831 3970 deest,
845 3907 930 3958 obesse
943 3918 1027 3960 autem
1038 3927 1091 3960 non
1103 3927 1154 3962 uno
1166 3911 1219 3960 loco
1229 3927 1281 3959 non
1289 3911 1365 3960 nulle
1373 3911 1406 3959 in·

302 3974 444 4037 ceqrrubilis
457 3984 480 4025 el
493 3977 570 4040 quasi
582 3977 712 4027 sumtuum
719 3978 863 4042 procedens
874 3982 994 4031 narratio
1006 3981 1095 4046 urpuit
1184 3985 1214 4031 17
1236 3983 1359 4031 redierant
1367 3987 1406 4046 pt:

301 4046 457 4095 redieruntL
530 4051 561 4097 19
575 4055 612 4098 est
620 4050 694 4112 igitur
704 4050 849 4114 transponit
858 4051 882 4100 L
953 4052 1285 4116 prouocauitRubnleenius,
1298 4052 1406 4102 inuitauit

302 4115 420 4183 &lupius
492 4120 525 4167 20
536 4122 721 4170 commessantls
728 4121 761 4183 L,
772 4124 977 4187 comessantispt.
997 4125 1203 4175 commissationis
1210 4123 1346 4174 Iacobsius

294 4188 409 4255 fortasse
420 4190 606 4262 cymbalistrioe‚
616 4199 645 4241 ut
654 4197 740 4242 centus
751 4192 793 4242 uel
801 4193 851 4242 tole
862 4192 927 4258 quid
930 4193 1043 4260 perierit
1070 4235 1074 4242 .
1114 4194 1166 4246 duo
1175 4194 1293 4247 celerini
1300 4195 1330 4246 in
1339 4194 1405 4246 libris
