3078 4956
598 389 740 446 sunnon
804 393 810 400 ·
1162 396 1223 460 179

663 558 685 598 as

99 642 132 693 LO
190 634 200 720 ll
214 636 368 699 cubiculum
395 643 492 698 autem
518 652 617 694 meum
638 632 755 714 Chrysis
781 632 897 722 intrarit
923 634 1130 714 codicillosque
1151 618 1222 697 mihi

143 735 257 797 dominae
267 752 334 796 suae
345 732 481 805 reddidit,
493 733 522 792 in
535 730 639 811 quibus
652 731 722 792 baec
733 740 816 792 erant
832 731 954 811 scripta:
967 723 1065 794 ‘Circe
1076 734 1222 816 Polyaeno

142 833 252 894 salutem.
275 833 298 894 si
313 831 470 893 libidinosa
483 849 588 903 essem,
605 849 742 909 quererer
753 831 888 910 deeepta3
903 832 1078 893 nuncetiam
1090 833 1223 912 languori

140 938 180 991 tuo
193 931 290 1009 gratias
306 948 370 1009 ago.
398 927 429 988 in
445 927 549 989 umbra
565 928 722 1008 voluptatis
739 928 847 990 diutius
860 929 924 990 lusi.
952 929 1021 1010 quid
1035 936 1133 991 tamen
1145 948 1224 1009 agae,

117 1040 239 1108 aquaem,
255 1037 333 1090 etan
348 1026 406 1086 tuis
422 1026 546 1106 pedibus
563 1027 730 1105 perveneris
746 1027 881 1101 domum3
901 1035 1009 1107 negant
1023 1029 1102 1089 enim
1117 1028 1223 1090 medici

138 1127 188 1188 sine
200 1126 293 1188 nervis
308 1125 444 1186 homines
460 1124 606 1184 ambulare
621 1142 719 1202 posse.
750 1125 876 1187 narrabo
892 1125 953 1199 tibi,
970 1126 1154 1202 adulescens,
1169 1146 1222 1207 pa-

138 1227 224 1306 ralysin
239 1244 315 1287 cave.
345 1241 507 1302 numquam
523 1241 576 1301 ego
593 1240 709 1301 aegrum
726 1231 785 1284 tam
800 1242 908 1303 magno
925 1224 1056 1304 periculo
1069 1224 1140 1300 vidi3
1159 1244 1222 1286 me·

137 1324 188 1384 dius
204 1325 287 1386 lidius
300 1323 359 1385 iam
372 1321 484 1400 peristi.
501 1320 579 1400 quod
592 1320 617 1380 si
630 1321 706 1383 idem
718 1323 810 1401 frigus
823 1339 916 1401 genua
927 1341 1089 1403 manusque
1097 1331 1223 1402 tempta·

113 1487 114 1492 η
137 1423 194 1483 verit
207 1431 284 1494 tuas,
300 1421 368 1481 licet
382 1420 417 1480 ad
432 1419 574 1481 tubicines
589 1418 697 1479 mittas
729 1419 796 1498 quid
813 1439 881 1500 ergo
898 1418 964 1482 est?
980 1421 1092 1483 etiamsi
1108 1441 1222 1501 grauem

99 1525 125 1574 10
137 1521 252 1583 iniuriam
273 1517 389 1597 accepi,
409 1517 522 1578 homini
536 1524 635 1579 tamen
650 1517 758 1577 misero
774 1535 835 1578 non
850 1519 965 1580 invideo
981 1519 1167 1581 medicinam.
1198 1521 1225 1581 si

135 1618 168 1679 ris
187 1637 272 1680 sanus
293 1635 376 1690 esse,
399 1614 533 1677 Gitonem
555 1633 634 1694 roga.
661 1615 797 1694 recipies,
816 1617 951 1695 inquam,
972 1635 1077 1678 nervos
1096 1625 1179 1692 tuos,
1199 1617 1224 1678 si

136 1716 215 1778 triduo
232 1717 295 1777 sine
309 1716 400 1776 fratre
416 1714 580 1775 dormieris.
604 1732 672 1774 nam
690 1713 767 1792 quod
785 1713 821 1775 ad
838 1733 885 1775 me
903 1713 1026 1786 adtinet,
1046 1717 1222 1790 nomiman,

135 1832 164 1874 nc
177 1816 236 1895 quis
252 1813 416 1875 inveniatur
431 1812 477 1873 cui
492 1811 590 1873 minus
605 1813 743 1892 placeam.
770 1829 825 1873 nec
836 1811 988 1892 speculum
1000 1813 1073 1874 mihi
1084 1832 1137 1876 nec
1147 1814 1223 1876 lama

136 1910 265 1973 mentitur.
292 1912 362 1984 vale,
378 1911 403 1970 si
418 1901 522 1989 potes’

23 2013 24 2076 Ῐ
94 2008 120 2058 ¹⁵
205 2017 237 2071 ut
254 2007 394 2069 intellexit
409 2007 526 2088 Chrysis
545 2007 703 2089 perlegisse
724 2026 771 2068 mc
789 2015 885 2070 totum
901 2009 1076 2083 conuitium,
1099 1999 1225 2072 ‘solent'

23 2167 24 2184 y
134 2106 214 2186 inquit
223 2100 312 2169 ‘haec
327 2106 399 2180 fieri,
415 2113 443 2167 et
457 2106 615 2186 praecipue
629 2105 659 2168 in
674 2107 730 2167 hac
741 2105 864 2181 civitate,
879 2107 909 2168 in
921 2125 977 2187 qua
990 2107 1125 2170 mulieres
1137 2107 1224 2168 etiam

23 2239 24 2242 =
132 2196 395 2267 lunam'deducunt'

23 2415 24 2418 ,
194 2375 206 2420 l
225 2373 326 2421 intrauit
344 2370 444 2436 Chrysis
462 2369 597 2418 innectunt
610 2376 643 2432 pt
659 2376 683 2418 el
701 2367 733 2419 de
750 2369 850 2420 silentio
867 2369 900 2422 F.
925 2373 1025 2437 chrydis
1037 2371 1071 2434 B,
1090 2374 1176 2423 chrisis
1197 2371 1224 2434 0,

23 2437 24 2472 3
131 2443 190 2490 crisis
207 2442 283 2494 AFP
396 2442 574 2503 codicellosque
596 2439 722 2490 01>an
836 2445 851 2491 2
870 2443 950 2490 reddit
968 2458 980 2490 s
1087 2459 1161 2491 cruca
1180 2461 1224 2491 ro-

131 2529 213 2566 ruauo.
225 2526 274 2564 seh
291 2514 333 2564 B:
351 2529 399 2563 om.
412 2510 655 2575 ACDEFG'LPpet
745 2514 798 2560 bei
811 2512 893 2564 ohad
983 2513 1156 2563 libidiniosaP

23 2609 24 2640 ς
131 2593 232 2645 quereret
250 2587 278 2636 P
400 2592 425 2634 et
443 2582 580 2632 AUEFGe
703 2586 794 2647 gratiss
814 2585 928 2646 languori
945 2599 994 2647 ago
1013 2585 1116 2633 inuerao
1134 2582 1225 2634 ordine

130 2655 257 2721 molemque
271 2655 425 2720 prononcine
443 2653 617 2706 AODFFGc.
652 2655 749 2718 langori
767 2654 875 2705 AEFP.
902 2655 1022 2705 restituae
1040 2657 1116 2704 etiam
1133 2656 1225 2720 gratiss

129 2727 231 2790 languori
243 2737 287 2777 tuo
300 2743 349 2791 ago
433 2729 450 2774 4
469 2727 534 2788 quod
547 2727 572 2774 in
585 2727 672 2774 umbra
685 2725 749 2775 cocci.
761 2724 905 2776 Sardum
987 2728 1088 2776 tandem
1100 2735 1123 2776 t:
1140 2736 1226 2776 umen

130 2796 197 2846 etiem
208 2797 381 2849 Meonmc'auus
470 2792 586 2857 {inuitis
598 2795 684 2847 sedin
694 2797 811 2862 moryine
822 2799 920 2858 neentis
932 2798 970 2847 A.
1048 2798 1171 2861 duernis]
1183 2813 1227 2862 pe·

129 2868 191 2917 dibus
203 2870 233 2922 A.
252 2872 323 2920 uenis
335 2867 443 2934 quidam
457 2874 516 2917 teate
527 2867 607 2931 Bapt.
620 2868 670 2919 Pio
758 2871 874 2918 homiues
886 2870 1011 2918 ambulare
1023 2884 1097 2933 posse
1108 2867 1228 2935 BLPpl:

23 2935 25 2954 '
129 2939 233 2990 homines
252 2957 327 3006 posse
345 2943 379 2990 ire
400 2937 460 3001 de,
477 2955 550 3003 posse
569 2941 604 2989 ire
624 2938 719 3004 reliqui
735 2939 885 3004 quibuscum
903 2942 931 2989 iri
950 2939 1082 2991 Danaum

129 3011 262 3062 adolescens
277 3020 386 3078 preater
404 3009 479 3060 ODP
495 3025 579 3060 mones
697 3013 813 3074 paralisin
833 3010 864 3074 G,
883 3013 1017 3077 paralysim
1035 3011 1081 3076 La,
1100 3013 1225 3077 paralisim

130 3080 200 3146 AOF,
217 3085 318 3148 paralisi
337 3082 364 3132 P
486 3086 499 3130 7
519 3097 664 3145 numquam,
682 3099 735 3131 non
752 3098 880 3145 nunquam
898 3082 977 3133 BFP
1099 3100 1147 3148 ego
1166 3092 1226 3134 ante

130 3167 208 3216 egrum
225 3172 274 3206 oon.
292 3151 490 3204 AC'EFGLPst
607 3150 701 3216 magud
718 3151 829 3216 periculis
842 3153 932 3218 priato
949 3153 1076 3206 nahmens
1093 3155 1119 3206 B

130 3224 282 3288 8periistiA
371 3225 429 3288 qnid
442 3223 480 3274 Ga
567 3217 649 3288 iiigus
664 3220 771 3274 idemA
859 3241 943 3290 genna
955 3225 987 3288 F,
1000 3241 1101 3289 genuus
1113 3225 1140 3274 P

23 3311 24 3336 r
129 3300 278 3360 temptauerit
295 3296 361 3347 BP.-
379 3296 511 3345 tcnteuerit
529 3295 613 3358 ceteri,
631 3297 737 3344 tenuerit
756 3294 781 3345 θ
900 3299 914 3346 9
934 3298 1046 3345 tibicines
1064 3294 1123 3344 DF

129 3369 201 3418 mittes
219 3368 280 3434 AG,
298 3369 387 3418 mictes
408 3364 458 3415 CF
559 3381 635 3429 quem
653 3368 673 3416 ri
692 3365 720 3414 F
808 3369 841 3416 10
860 3375 912 3416 tem
930 3365 1027 3416 AFLr.
1055 3365 1173 3430 sortasse
1190 3373 1228 3415 ts·

128 3452 180 3488 men
194 3449 245 3490 tam
335 3439 435 3488 inuenio
452 3434 638 3487 ACDEFGR
668 3453 731 3487 num
748 3437 881 3487 inuidero?
987 3437 1135 3486 medicinam
1171 3457 1187 3484 a
1207 3439 1228 3484 si

23 3535 24 3550 l
130 3567 144 3612 t.
177 3563 245 3613 deest
262 3563 330 3614 nihil
384 3555 390 3559 ’
436 3565 468 3610 11
488 3566 607 3629 g'ytonem
624 3562 676 3626 Bp,
694 3527 789 3628 gytonsi
806 3560 851 3611 tobi
869 3577 886 3626 y
902 3568 1028 3611 mutatum
1046 3575 1078 3610 erc
1096 3561 1120 3610 ui
1138 3557 1172 3624 L,
1191 3561 1231 3625 gi·

128 3641 182 3683 tona
192 3635 255 3698 DF,
268 3644 363 3700 gytona
377 3631 442 3696 ons,
454 3636 567 3699 gythone
579 3631 618 3682 A:
637 3634 755 3684 Gitonem
768 3641 778 3682 t
789 3649 847 3683 eccm
858 3631 912 3682 ΕΡ
1007 3648 1069 3696 rogo
1086 3649 1099 3681 c
1111 3631 1232 3698 cuprinae

23 3699 25 3718 '
129 3703 158 3752 L.
180 3707 264 3756 Gitoni
281 3716 307 3755 te
324 3721 390 3769 nega
407 3704 451 3755 net
461 3705 578 3754 Gitonem
596 3707 694 3768 abnega
705 3703 839 3768 Heinsius,
859 3704 950 3753 Gitona
967 3719 999 3753 ne
1017 3719 1080 3768 roga
1095 3703 1232 3768 Boecln'ccs,

129 3774 238 3827 Gitonem
249 3780 346 3841 abroga
356 3775 486 3838 Bembina,
499 3777 617 3826 Gitonem
628 3778 771 3826 missionem
783 3792 845 3840 roga
855 3774 974 3828 Iahnius.
1000 3790 1045 3841 ῳο
1057 3776 1152 3826 emim
1163 3776 1234 3826 cclcc

129 3843 184 3896 baec
199 3859 227 3898 ut
244 3850 312 3898 solus
324 3849 435 3897 cubitum
446 3855 487 3898 eat
498 3847 591 3911 opinor
682 3850 714 3896 12
734 3850 793 3911 quid
807 3845 837 3895 F
921 3848 1016 3896 adtinet
1027 3846 1069 3898 B:
1088 3849 1176 3898 attinet
1193 3862 1233 3897 ce·

23 3911 24 3918 ¹
130 3918 179 3982 cri,
195 3922 289 3970 acdnet
301 3917 331 3968 F
378 3919 441 3968 tr'ffio
460 3917 490 3967 F
576 3920 609 3967 13
627 3920 687 3982 quui
705 3919 742 3982 D,
761 3935 806 3968 cor
820 3916 854 3967 F.
877 3919 918 3967 cui
936 3933 987 3966 non
1005 3920 1087 3968 minus
1105 3918 1144 3968 Le

23 4013 24 4018 =
128 3989 190 4056 mihi]
207 3993 236 4040 hi
254 4006 334 4055 super
350 3991 419 4040 racis
437 3989 527 4040 litteris
538 4005 651 4054 quoram
660 3992 810 4052 poetremal
824 3996 872 4038 aad
885 3997 895 4038 t
906 3988 966 4054 snit
977 3989 1002 4039 L
1094 3994 1127 4039 14
1145 3989 1235 4041 ualesi

128 4069 191 4119 potes
202 4063 231 4111 im
242 4062 360 4128 murpirre
372 4060 479 4112 addidit
490 4062 524 4125 L,
536 4078 583 4114 om.
594 4060 759 4111 donnana
854 4062 885 4109 15
899 4069 924 4110 et
934 4059 1071 4113 ACDEF.
1089 4070 1114 4110 et
1124 4063 1150 4110 in
1163 4060 1234 4109 intel-

129 4128 183 4180 lexit
193 4132 219 4182 P
312 4135 399 4183 chrisis
412 4135 446 4196 A,
464 4134 533 4183 crisis
544 4131 624 4183 BFP
715 4133 850 4196 perlegisse
864 4147 906 4182 me
919 4131 1028 4196 13an:
1045 4147 1086 4181 mc
1098 4131 1234 4194 perlegisse

130 4203 200 4254 ceteri
285 4207 422 4254 conuitium
429 4220 481 4269 per·
492 4213 503 4253 t
515 4203 567 4254 GP
653 4206 740 4253 solete
838 4207 868 4254 lG
887 4206 952 4254 haec
964 4219 1011 4255 orn.
1022 4198 1188 4252 nenena·

986 4286 1036 4337 12*
