3022 4956
285 387 348 452 ‘118
760 381 918 436 rnrnoun

285 541 428 626 procubui
442 547 472 604 et
485 557 538 621 per
553 539 729 602 memoriam
745 538 886 601 amicitiae
899 557 1010 618 perque
1024 538 1195 600 societatem
1211 539 1405 603 miseriarum
1422 549 1440 600 1

285 639 367 723 petii,
385 646 420 702 ut
435 638 537 701 saltem
554 639 723 702 ostenderet
736 638 868 700 fratrem.
899 637 991 698 immo
1007 645 1040 698 ut
1054 637 1141 698 tidem
1156 637 1309 702 haherent
1324 641 1407 702 fictae

285 757 402 821 preces,
420 728 499 800 ‘scio
515 729 556 800 te'
572 739 692 817 inquam
704 728 840 819 ‘Ascylte
856 736 892 798 ad
909 736 1099 798 occidendum
1116 755 1164 796 me
1180 737 1314 799 venisse.
1348 759 1405 818 quo

285 839 363 900 enim
379 855 497 901 secures
512 835 657 899 attulisti?
683 836 781 916 itaque
796 836 868 898 satia
882 834 1061 896 iracundiam
1075 841 1170 896 tuam:
1187 836 1325 917 praebeo
1343 857 1408 900 ecce

286 938 435 1011 cervicem,
449 936 540 998 funde
556 935 739 1015 sanguinem,
756 951 841 1013 quem
854 932 909 994 sub
921 941 1073 1015 praetextu
1085 932 1271 1014 quaestionis
1286 928 1407 1016 petisti.³
1423 950 1436 998 5

285 1037 424 1100 amolitur
438 1036 572 1118 Ascyltos
592 1034 729 1098 invidiam
757 1027 786 1094 et
805 1050 837 1093 se
858 1050 924 1094 vero
946 1032 1018 1094 nihil
1037 1033 1111 1094 aliud
1134 1052 1221 1113 quam
1242 1034 1407 1114 fugitivum

286 1154 373 1199 suum
389 1135 461 1196 dixit
476 1151 625 1214 quaerere,
640 1139 768 1195 mortem
784 1131 978 1193 necheminis
990 1131 1167 1212 concupisse
1177 1151 1233 1194 neo
1246 1133 1408 1214 supplicis,
1506 1207 1507 1210 Ἴ

230 1240 270 1303 98
285 1235 385 1315 utique
396 1232 459 1295 eius
476 1250 562 1312 quem
578 1240 648 1314 post
662 1232 778 1294 fatalem
793 1230 886 1291 rixam
901 1230 1055 1292 habuisset
1069 1231 1266 1292 carissimum.
1299 1241 1331 1292 at
1346 1250 1408 1294 non

287 1352 387 1396 servus
402 1329 536 1415 publicus
551 1337 611 1391 tarn
626 1330 762 1409 languide
777 1329 847 1408 agit,
864 1329 915 1390 sed
931 1336 1045 1410 raptam
1062 1331 1185 1411 cauponi
1200 1331 1406 1394 harundinem

287 1433 389 1494 subter
410 1431 516 1494 lectum
533 1429 622 1492 mittit
638 1429 793 1508 omniaque
810 1426 896 1490 etiam
911 1427 1056 1490 foramina
1074 1429 1217 1508 parietum
1239 1437 1404 1492 scrutatur.
1424 1441 1450 1490 to
1507 1453 1508 1468 ¹

286 1530 465 1593 subducebat
491 1528 579 1592 Giton
600 1527 636 1590 oh
658 1527 719 1589 ictu
745 1545 853 1609 corpus
880 1533 909 1588 et
933 1527 1054 1590 reducto
1080 1527 1269 1590 timidissime
1298 1531 1407 1610 spiritu

286 1629 369 1712 ipsos
386 1627 533 1709 sciniphes
550 1646 600 1691 ore
615 1627 751 1708 tangebat

826 1733 848 1773 a·

371 1813 534 1894 Eumolpus
550 1820 657 1886 autem,
675 1810 741 1891 quia
755 1811 908 1872 ellractum
924 1811 1033 1873 ostium
1050 1811 1136 1872 cellae
1150 1810 1303 1874 neminem
1316 1821 1406 1893 pote·

285 1920 331 1977 rat
342 1913 504 1988 excludere,
519 1911 657 1992 irrumpit
667 1910 855 1991 perturbatus
867 1916 896 1971 et
907 1899 1004 1970 ‘mille'
1016 1909 1110 1989 inquit
1121 1899 1277 1971 ‘nummos
1290 1912 1406 1987 inveni3

286 2014 343 2074 iam
364 2011 441 2072 enim
461 2029 622 2091 persequar
640 2009 795 2070 abeuntem
816 2027 992 2089 praeconem
1014 2016 1043 2070 et
1060 2009 1090 2070 in
1106 2014 1251 2088 potestate
1268 2017 1322 2072 tua
1339 2031 1405 2073 esse
1423 2023 1448 2073 15

288 2109 423 2172 Gitonem
439 2107 627 2171 meritissima
642 2107 810 2186 proditione
821 2099 1014 2170 monstrabo.³
1036 2125 1130 2188 genua
1142 2125 1196 2187 ego
1208 2126 1405 2186 perseveran-
1509 2089 1510 2130 ³

287 2208 326 2270 tis
342 2206 511 2288 amplector,
526 2226 563 2269 ne
577 2206 737 2268 morientes
752 2207 836 2270 vellet
851 2207 996 2281 occidere,
1018 2213 1047 2268 et
1057 2197 1184 2269 ‘merito’
1198 2207 1323 2287 inquam
1337 2200 1404 2271 ‘ex-

289 2305 487 2380 candesceres‚
503 2306 528 2367 si
543 2324 649 2386 posses
665 2306 812 2386 perditum
828 2306 991 2368 ostendere.
1018 2324 1098 2368 nrrno
1109 2306 1317 2369 interturbam
1330 2327 1405 2389 puer

288 2405 371 2486 fugit,
387 2422 442 2467 neo
456 2422 515 2486 quo
531 2403 642 2479 abierit,
658 2405 801 2486 suspicari
815 2424 950 2485 possum.
981 2425 1033 2485 per
1048 2406 1150 2480 fidem,
1170 2406 1333 2486 Eumolpe,
1355 2427 1405 2470 re-

289 2504 345 2567 duc
360 2523 485 2587 puerum
501 2511 530 2566 et
544 2503 587 2565 rel
603 2503 719 2584 Ascylto
735 2495 842 2566 redde?
871 2504 942 2565 dum
957 2505 1028 2566 haec
1042 2511 1096 2581 ego
1108 2503 1167 2564 iarn
1183 2506 1316 2567 credent-i
1332 2526 1403 2588 per·
1420 2520 1447 2570 20

289 2606 415 2678 suadeo,
432 2603 519 2667 Giton
535 2602 704 2665 collectione
721 2603 842 2683 spiritns
857 2603 962 2683 plenus
977 2611 1023 2664 ter
1038 2601 1177 2664 continuo
1193 2603 1232 2664 ita
1247 2611 1403 2669 sternuta-

287 2703 337 2778 rit,
352 2711 386 2766 ut
399 2703 551 2783 grabatum
567 2708 743 2764 concuteret.
774 2702 810 2764 ad
827 2720 912 2781 quem
929 2708 1043 2762 motum
1058 2701 1221 2782 Eumolpus
1238 2721 1403 2769 conversus

290 2801 398 2863 salvere
410 2800 515 2864 Gitona
531 2801 618 2863 iubet
645 2807 759 2863 remota
774 2799 859 2862 ctiam
877 2801 979 2863 culcita
990 2800 1068 2862 videt
1078 2800 1199 2876 Vlixem,
1217 2803 1262 2865 cui
1275 2805 1321 2865 vel
1335 2825 1402 2866 esu-

307 3097 308 3104 *
361 3078 376 3124 2
396 3076 446 3124 imo
465 3073 490 3123 L
612 3079 626 3124 't
645 3073 728 3125 mirae
745 3075 810 3126 istae
829 3075 961 3141 argutiae.-
980 3092 1016 3126 art
1034 3091 1081 3126 nec
1099 3077 1214 3140 supplicis
1233 3084 1343 3128 mortem
1356 3082 1402 3130 ho-

289 3148 362 3198 minis
396 3147 540 3210 concupisse
565 3145 739 3210 uuqoeton'n
764 3147 892 3197 tentabam
914 3163 961 3197 nec
984 3155 1091 3198 mortem
1114 3149 1223 3198 hominis
1252 3153 1401 3216 concupisse

253 3233 255 3239 ·
289 3234 337 3270 nec
355 3218 501 3283 supplicium
520 3225 550 3268 at
566 3233 633 3268 mors
652 3217 688 3267 ad
696 3218 834 3283 priuatam
846 3218 1082 3284 domesticamque
1094 3219 1223 3284 alticoma,
1243 3221 1402 3286 supplicium

289 3291 327 3342 ad
339 3290 474 3358 publicam
491 3289 605 3356 raptoris
624 3291 840 3355 receptatorisque
854 3290 1016 3356 punitionem
1034 3291 1176 3357 referretrm
1296 3295 1312 3342 8
1331 3295 1400 3359 post]

289 3372 346 3415 ente
365 3361 502 3415 Boschius.
520 3368 619 3427 praeter
636 3361 856 3426 interpretabatur
873 3361 995 3412 Reisbius
1142 3364 1272 3414 habuisset
1290 3367 1400 3430 sceptri:

288 3437 376 3486 hubuit
394 3435 461 3486 libri.
499 3435 614 3486 hebuerit
632 3432 767 3484 Iacobsius
875 3437 889 3484 9
909 3435 1021 3498 publicus
1040 3449 1125 3484 seruus
1145 3435 1327 3499 transponitL

288 3509 436 3558 arundinem
454 3507 479 3556 L
615 3509 646 3556 11
667 3505 760 3557 Guiton
779 3505 804 3555 L
942 3509 973 3554 12
993 3507 1125 3572 scyniphes
1139 3514 1179 3574 pt.
1217 3508 1317 3557 cimices
1333 3507 1400 3558 Gon-

289 3579 378 3643 sabins,
397 3581 537 3642 scimpodes
563 3577 720 3630 Woaeoerirao
814 3577 935 3628 lacunam
952 3594 1004 3627 non
1023 3577 1192 3644 oipno‘ficatam
1210 3577 1239 3627 im
1251 3578 1306 3628 Μ’
1321 3581 1400 3647 siqni-

282 3649 401 3714 chouere
419 3649 540 3699 ostemsco
553 3658 590 3718 pt
695 3651 728 3698 14
746 3651 933 3714 perturbaturus
951 3648 1079 3699 Boethius
1188 3653 1219 3698 15
1239 3665 1285 3700 sua
1294 3659 1330 3715 pt

292 3721 323 3768 16
343 3719 479 3769 Guitonem
497 3721 522 3769 L
630 3723 758 3772 uerissime
775 3729 893 3788 maryot
998 3722 1137 3785 proditione
1155 3720 1321 3772 Richardne:
1341 3740 1398 3788 pro·

289 3791 412 3854 positione
431 3787 499 3845 libri.
530 3799 591 3856 post
607 3791 637 3843 id
655 3791 758 3858 aliquid
775 3793 845 3844 uelut
863 3809 916 3843 esse
936 3807 1038 3843 erasum
1055 3793 1084 3842 in
1102 3792 1126 3842 L
1254 3797 1285 3842 17
1305 3809 1398 3845 excon-

291 3861 404 3912 deseeres
417 3877 455 3925 p.-
473 3864 657 3914 excandescens
675 3864 724 3928 Lt‚
744 3866 904 3916 excandescis
922 3881 1011 3931 marpo
1030 3872 1056 3928 tp
1084 3872 1194 3915 ceterum
1212 3864 1321 3914 distorta
1341 3875 1398 3916 sarit

290 3949 308 3982 a
333 3931 441 3984 librario
466 3949 496 3983 ao
516 3949 646 4000 peruersa
671 3935 833 3987 Petroniana
856 3936 944 3990 uerba.
987 3935 1109 3987 lacunam
1127 3944 1188 4001 post
1215 3939 1398 3988 excandescens

289 4001 425 4055 Iacobsius
442 4012 569 4056 statuerat
712 4011 743 4058 18
762 4010 885 4074 perditum
904 4007 1010 4073 sampsi,
1030 4008 1089 4058 item
1107 4006 1255 4058 Iacobsins:
1273 4011 1398 4072 proditum

291 4075 353 4142 Lpt.
390 4083 414 4125 ts
432 4077 557 4142 proditum
575 4075 694 4129 Nasiotas
712 4097 763 4146 qao
782 4080 869 4146 annas
886 4082 1039 4144 proditorem
1148 4083 1180 4130 19
1199 4081 1275 4129 reddo
1293 4097 1398 4144 puerum

292 4156 302 4197 t
389 4149 423 4197 20
443 4163 490 4214 ego
509 4155 581 4201 om.t
669 4153 701 4199 21
723 4151 816 4202 Guiton
829 4152 854 4200 L
943 4154 1029 4216 plenus
1049 4150 1149 4202 tollebat
1166 4151 1250 4202 nescio
1268 4151 1327 4216 queis

289 4227 327 4270 ter
345 4235 392 4272 om.
407 4227 447 4286 pt,
466 4217 564 4270 nonT
668 4224 700 4271 22
721 4238 795 4285 quem
813 4224 921 4272 sonitum
939 4222 1052 4274 Iahnius
1161 4226 1193 4273 23
1214 4224 1310 4274 saluere
1333 4241 1398 4278 corr.
