3022 4956
310 373 352 434 92
783 367 939 420 rnmoun

312 524 420 596 Sticho,
436 524 537 605 profer
552 523 656 597 vitalia,
673 523 702 584 in
717 521 822 602 quibus
836 523 903 584 volo
919 541 966 584 mc
980 523 1085 584 efferri.
1129 523 1231 603 profer
1242 530 1432 602 etunguen-rr

312 633 374 686 tum
390 631 419 684 et
432 644 467 685 ex
482 624 528 685 illa
544 622 687 702 amphora
702 629 831 700 gustum,
848 643 883 683 ex
899 641 954 701 qua
970 621 1055 682 iubeo
1070 622 1158 683 lavari
1173 641 1244 684 ossa
1260 614 1339 683 mea’

257 726 296 786 78
397 741 458 782 non
477 729 523 782 est
542 729 675 782 moratus
691 721 822 795 Stichus,
842 721 893 782 sod
913 728 943 781 et
957 719 1113 798 stragulam
1129 719 1224 782 albam
1239 729 1268 782 et
1283 727 1403 801 praetex-

312 827 370 882 tam
386 821 417 880 in
430 820 587 902 triclinium
602 819 697 881 attulit

396 975 539 1053 iussitque
562 990 618 1034 nos
639 980 765 1044 tentare,
793 991 831 1034 an
850 971 938 1033 bonis
956 973 1031 1033 lanis
1052 979 1150 1032 essent
1175 973 1315 1034 confecta.
1349 981 1427 1034 tumr

312 1072 466 1134 subridens
478 1063 553 1131 ‘vide
567 1061 613 1131 tu'
628 1071 724 1150 inquit
734 1063 743 1088 ‘
754 1070 860 1142 Sticho,
875 1089 912 1131 ne
926 1072 981 1131 ista
998 1066 1095 1130 mures
1111 1076 1232 1148 tangant
1245 1080 1295 1132 aut
1309 1073 1403 1144 tineae3

311 1171 440 1250 alioquin
460 1179 489 1231 te
507 1170 604 1230 vivum
624 1168 803 1229 comburam.
834 1188 887 1246 ego
910 1169 1056 1247 gloriosus
1077 1167 1142 1246 volo
1159 1167 1269 1241 ellerri,
1290 1175 1322 1229 ut
1336 1175 1404 1228 totus
1481 1222 1483 1228 ,

313 1269 384 1328 mihi
411 1269 539 1348 populus
564 1268 640 1328 bene
666 1259 861 1347 imprecetur.³
893 1268 990 1328 statim
1017 1267 1174 1346 ampullam
1201 1267 1286 1327 nardi
1306 1268 1406 1346 aperuit

313 1366 483 1444 omnesque
495 1384 552 1426 nos
573 1365 656 1426 unxit
674 1373 704 1424 et
714 1357 832 1444 ‘spero'
847 1367 941 1446 inquit
956 1357 1103 1426 ‘futurum
1119 1373 1153 1426 ut
1167 1359 1257 1444 ae'que
1273 1385 1320 1425 me
1334 1383 1405 1425 mor-

313 1471 394 1524 tuum
410 1464 488 1526 iuvet
501 1473 640 1543 tanquam
656 1455 772 1523 vivum?
800 1481 868 1525 nam
882 1465 980 1525 vinum
997 1463 1114 1542 quidem
1130 1465 1160 1524 in
1173 1464 1317 1525 vinarium
1332 1463 1405 1524 iussit
1419 1468 1439 1518 10

314 1563 426 1623 infundi
442 1555 593 1642 et‘putate
608 1552 670 1622 vos'
685 1561 725 1622 ait
735 1551 783 1622 ‘ad
797 1561 957 1640 parentalia
971 1580 1036 1621 mea
1051 1561 1187 1622 invitatos
1204 1553 1290 1622 esse'

397 1661 456 1722 ibat
475 1680 522 1722 res
538 1661 573 1722 ad
589 1678 735 1721 summam
751 1678 903 1734 nauseam,
924 1681 990 1722 cum
1007 1659 1183 1720 Trimalchio
1200 1660 1337 1722 ebrietate
1351 1669 1405 1721 tur-

312 1760 436 1840 pissima
456 1760 552 1838 gravis
567 1777 678 1820 novum
693 1777 838 1834 acroama,
856 1743 1029 1831 cornicines
1045 1759 1075 1818 in
1091 1758 1247 1818 triclinium
1264 1759 1348 1819 iussit
1361 1758 1404 1818 ad-

313 1858 392 1931 duci,
412 1859 561 1936 fultusque
582 1856 767 1918 cervicalibus
786 1857 886 1917 multis
906 1856 1035 1918 extendit
1054 1876 1086 1917 se
1101 1875 1189 1936 super
1204 1864 1304 1918 torum
1320 1864 1405 1919 extre-

313 1975 395 2017 mum
421 1963 450 2015 et
465 1948 581 2033 ‘fingite
601 1946 662 2014 me’
681 1954 775 2033 inquit
790 1947 957 2017 ‘mortuum
978 1974 1051 2016 esse.
1092 1955 1180 2014 dicite
1200 1955 1307 2034 aliquid
1331 1945 1440 2015 belli'15

309 2073 498 2137 ‚consonuere
518 2051 681 2113 cornicines
701 2053 817 2115 funebri
837 2052 970 2130 strepitu.
1000 2071 1077 2114 unus
1093 2054 1248 2134 praecipue
1264 2071 1363 2113 servus
1376 2051 1405 2110 li-

313 2150 439 2211 bitinarii
454 2150 544 2223 illius,
560 2151 609 2230 qui
624 2150 699 2212 inter
714 2152 769 2212 hos
784 2136 1012 2212 honestissimus
1028 2161 1097 2226 erat,
1111 2160 1170 2212 tam
1186 2151 1266 2210 valde
1280 2150 1405 2220 intonuit,

314 2257 346 2309 ut
365 2256 456 2308 totam
478 2249 635 2309 concitaret
655 2250 796 2312 viciniam.
826 2251 922 2332 itaque
937 2250 1045 2330 vigiles,
1066 2249 1115 2329 qui
1130 2249 1332 2310 custodiebant
1345 2249 1406 2308 vici·

314 2365 382 2407 nam
392 2346 551 2423 regionem,
563 2348 617 2408 rati
629 2349 729 2410 ardere
738 2349 963 2411 Trimalchionis
971 2350 1093 2411 domum
1111 2350 1287 2427 effregerunt
1300 2348 1405 2408 ianuam

314 2445 411 2507 subito
433 2453 461 2506 et
481 2451 546 2507 cuin
568 2465 640 2526 aqua
663 2448 872 2527 securibusque
893 2447 1066 2509 tumultuari
1086 2467 1141 2508 suo
1161 2446 1225 2507 iure
1245 2451 1403 2524 coeperunt
1419 2450 1441 2500 lt

313 2563 370 2606 nos
387 2544 572 2606 occasionem
592 2547 877 2627 opportunissimam
896 2546 974 2606 nacti
994 2543 1206 2624 Agamemnoni
1227 2544 1314 2605 verba
1333 2543 1404 2605 dedi-

314 2663 381 2704 mus
395 2644 559 2722 raptimque
573 2651 633 2705 tam
648 2645 735 2724 plane
750 2663 839 2724 quam
855 2665 889 2705 ex
904 2643 1039 2706 incendio
1053 2643 1182 2736 fugimus

258 2799 298 2858 79
372 2791 384 2878 ΙΙ
399 2814 493 2874 neque
508 2796 557 2857 fax
571 2798 627 2859 ulla
641 2799 672 2858 in
686 2798 833 2879 pracsidio
849 2805 923 2872 erat,
945 2817 1019 2878 quae
1033 2797 1088 2859 iter
1102 2797 1228 2878 aperiret
1242 2796 1405 2865 errantibus,
1419 2803 1434 2852 l

315 2912 370 2955 nec
388 2893 534 2954 silentium
553 2896 649 2958 noctis
672 2896 729 2958 iam
745 2896 857 2958 mediae
872 2896 1061 2976 promittebat
1076 2897 1292 2958 occurrentium
1307 2897 1405 2958 lumen.

315 2991 470 3052 accedebat
488 2993 546 3053 huc
564 2993 688 3056 ebrietas
708 3004 736 3056 et
755 2995 951 3076 imprudentia
971 2995 1103 3056 locorum
1119 2995 1206 3056 etiam
1222 2996 1344 3056 interdiu
1358 2992 1404 3053 ob·
1419 2999 1443 3048 25

316 3108 410 3152 scura.
440 3091 535 3170 itaque
557 3108 622 3152 cum
644 3092 717 3153 hora
732 3111 824 3172 paene
838 3101 899 3155 tota
914 3112 967 3173 per
978 3111 1082 3154 omnes
1097 3112 1223 3174 scrupos
1240 3101 1407 3174 gastrarum-

317 3206 611 3214 ’,Μ-...ᾐ-

388 3243 539 3301 FcserriH
588 3249 765 3314 ungentumH
820 3249 1047 3314 bptoxtamaieH
1099 3254 1114 3299 4
1122 3267 1214 3315 pauco
1226 3248 1408 3301 intercidonam.

315 3331 339 3373 ct
350 3324 501 3373 Trimalchio
515 3329 539 3371 et
551 3323 634 3372 uitalia
652 3329 846 3371 coramcmorotc
864 3329 940 3372 erant
1028 3324 1042 3371 5
1063 3339 1095 3372 on
1108 3337 1121 3372 e
1134 3325 1204 3372 bonis
1217 3322 1338 3372 Heiaaiue

315 3397 444 3446 confectae
463 3394 597 3445 Patauino
705 3397 718 3442 6
739 3395 821 3443 uideto
840 3409 909 3457 susp.
929 3393 1054 3444 Heinsius
1163 3399 1176 3442 7
1197 3395 1270 3444 eferri
1283 3393 1319 3450 ,Η

316 3469 331 3515 8
350 3468 475 3531 appollam
493 3465 528 3516 H
665 3467 680 3513 9
700 3479 834 3527 omnesque
853 3481 929 3514 uenas
947 3463 1101 3530 Scbefferua,
1121 3481 1266 3529 unguesque
1285 3479 1338 3514 suos
1355 3460 1408 3510 Rei

315 3538 401 3586 rreeiua
509 3540 541 3586 10
560 3545 680 3600 tanquam
699 3537 784 3585 ninum
796 3533 929 3585 Iacodaiua
1036 3538 1134 3587 nardini
1152 3538 1209 3600 quid
1228 3538 1284 3586 inde
1300 3539 1325 3585 in
1337 3531 1408 3583 Heio·

316 3607 377 3659 oica.
397 3608 481 3656 uinum
499 3615 640 3672 eriperetur
658 3623 684 3658 aa.
704 3611 719 3656 2
739 3613 892 3657 memoratus
1044 3611 1075 3658 13
1096 3609 1233 3671 cornicipes
1252 3607 1286 3658 H

319 3679 351 3724 14
370 3677 567 3741 superscripsi:
587 3679 714 3742 supraH
821 3681 922 3727 thorum
940 3676 974 3728 H
1079 3682 1110 3728 16
1130 3680 1241 3729 cornices
1260 3679 1293 3728 H
1385 3675 1409 3722 li·

316 3747 421 3796 bitinarii
443 3744 600 3811 Sobefferua:
625 3750 767 3799 libertinarii
785 3748 822 3799 H.
858 3749 981 3799 ariminum
999 3749 1065 3801 Iulii
1083 3750 1191 3800 Proculi
1208 3751 1237 3799 irc
1255 3767 1311 3815 cop.
1324 3751 1354 3800 38
1370 3761 1410 3795 ao-

316 3816 364 3868 tatc'
443 3821 486 3882 ‚19
507 3820 648 3882 abegerunt
665 3818 700 3870 H
784 3823 817 3870 ‘20
836 3820 986 3884 lateraque.
1004 3831 1028 3871 et
1046 3824 1221 3884 securibusque
1239 3829 1301 3870 raotc
1319 3829 1341 3870 et
1352 3834 1409 3884 par·

317 3888 409 3938 riculae
427 3886 509 3940 deleta
527 3889 556 3939 irc
574 3889 608 3938 H
715 3895 746 3940 21
767 3893 984 3956 oportunissimam
1002 3893 1036 3944 H
1138 3895 1287 3958 agamenoai
1306 3891 1338 3942 H

316 3962 349 4008 22
368 3959 441 4022 plene
461 3967 588 4023 tamquam
606 3960 718 4013 sanatos
844 3963 934 4029 aliquo
956 3963 1001 4014 aed
1023 3981 1076 4015 non
1100 3965 1182 4016 multa
1204 3965 1272 4014 inter
1290 3963 1354 4013 deror
1370 3960 1410 4009 lena

316 4028 499 4094 ammirationis
512 4039 603 4095 portes
620 4033 813 4088 interciderant.
850 4035 879 4085 irc
892 4035 1022 4099 procincte
1034 4037 1119 4101 plora
1137 4034 1310 4086 omatrabendo
1328 4033 1409 4105 depro-

316 4109 379 4152 uatn
486 4105 519 4152 25
533 4105 694 4154 obscurorum
706 4105 885 4159 Burmannua.
913 4124 974 4157 num
991 4110 1117 4159 obstatura
1133 4108 1177 4158 arel
1191 4105 1331 4158 obfutura?

316 4176 348 4224 ‘ld
366 4165 422 4240 ‘lep¹
442 4166 552 4240 scrupos'
571 4189 660 4240 morpo
680 4176 716 4226 L:
740 4179 833 4242 scirpos
857 4176 924 4229 libat
962 4187 1075 4244 scruptos
1097 4173 1241 4245 ‘excamiar
1257 4177 1405 4229 memoram-
