3022 4956
771 411 929 468 PETRONII

542 574 628 648 atque
643 567 728 630 Aleae
742 567 875 630 volucres
889 567 1004 646 placent
1017 567 1127 647 palato,

542 665 620 744 quod
636 683 699 726 non
713 672 782 730 sunt
796 665 907 726 faciles:
923 671 952 726 at
967 663 1049 726 allius
1065 683 1151 728 anser

485 777 500 827 5
544 761 689 842 plebeium
706 764 790 845 sapit
821 763 931 826 ultimis
948 763 984 824 ab
1000 764 1060 824 oris

543 867 684 924 attractus
700 881 802 924 scarus
818 868 904 941 atque
920 869 1000 924 arata
1015 862 1108 942 Syrtis

543 957 653 1038 siquid
669 960 818 1041 naufragio
835 959 928 1033 dedit,
944 960 1096 1038 probatur.

542 1056 649 1119 mullus
664 1057 723 1120 iam
738 1058 834 1139 gravis
850 1066 904 1121 est.
934 1057 1027 1120 amica
1041 1057 1130 1120 vincit

544 1173 675 1218 uxorem.
705 1175 774 1218 rosa
790 1156 959 1219 cinnamum
973 1164 1098 1219 veretur.

470 1268 501 1319 lo
544 1254 680 1335 quicquid
696 1256 858 1336 quaeritur,
875 1255 1019 1336 optimum
1034 1245 1167 1316 videtur?

380 1359 454 1428 ‘hoc
475 1359 532 1429 est'
554 1369 674 1449 inquam
691 1361 787 1451 ‘quod
806 1371 999 1452 promiseram
1021 1389 1059 1433 ne
1079 1389 1165 1451 quem
1186 1369 1276 1432 hodie
1291 1385 1399 1430 versum

298 1464 432 1528 laceres?
460 1465 633 1544 perfidem,
654 1468 755 1530 saltem
771 1469 858 1530 nohis
873 1488 974 1548 parce,
990 1469 1039 1550 qui
1053 1477 1082 1531 te
1096 1487 1249 1548 nunquam
1264 1467 1398 1548 lapidari·
1415 1477 1437 1529 lt

299 1583 377 1626 mus.
407 1583 477 1626 narn
497 1564 523 1625 si
543 1564 647 1644 aliquis
662 1586 698 1628 ex
712 1567 753 1640 ie,
774 1566 824 1646 qui
839 1565 869 1628 in
884 1568 988 1629 eodem
1004 1569 1141 1648 synoecio
1158 1575 1276 1647 potant,
1298 1583 1400 1630 nornen

300 1671 404 1744 poetae
420 1662 557 1738 olfecerit,
572 1670 665 1724 totam
682 1665 838 1728 concitabit
852 1665 986 1728 viciniam
1001 1674 1030 1728 et
1044 1687 1101 1728 nos
1118 1685 1221 1728 omnes
1238 1655 1296 1729 s'uh
1308 1667 1400 1728 eadem

301 1781 405 1826 caussa
421 1763 534 1824 obruet.
564 1761 703 1826 miserere
723 1772 753 1827 et
772 1771 821 1826 ant
840 1765 1062 1843 pinacothecam
1078 1771 1126 1828 ant
1140 1765 1281 1852 balneum
1297 1753 1400 1844 cogita.²

299 1863 343 1944 sic
364 1881 412 1924 me
432 1862 602 1942 loquentem
623 1861 785 1940 obiurgavit
807 1863 909 1939 Giton,
934 1864 1110 1927 mitissimus
1129 1882 1216 1944 puer,
1242 1871 1272 1925 et
1292 1861 1401 1942 negavit

298 1969 376 2022 recte
390 1961 499 2038 facere,
521 1960 600 2039 quod
623 1961 732 2022 seniori
747 1961 920 2024 convitiarer
934 1963 1079 2042 simulque
1094 1963 1202 2025 oblitus
1218 1961 1309 2023 officii
1324 1979 1400 2022 men-
1415 1973 1438 2022 15

300 2077 378 2132 sam,
398 2077 486 2138 quarn
507 2058 687 2120 humanitate
703 2059 887 2138 posuissem,
903 2062 1079 2123 contumelia
1092 2062 1238 2134 tollerem,
1255 2060 1401 2138 multaque

299 2155 353 2216 alia
367 2155 578 2218 moderationis
599 2157 845 2238 verecundiaeque
864 2160 967 2235 verba,
983 2178 1056 2240 quae
1069 2159 1198 2222 formam
1214 2160 1278 2221 eius
1294 2157 1402 2238 egregie

299 2251 440 2314 decebant

837 2369 858 2409 a·

242 2440 283 2504 94
356 2436 368 2525 ΙΙ
380 2431 410 2502 ‘o
426 2432 550 2504 felicem'
563 2441 656 2523 inquit
667 2435 802 2506 ‘matrem
817 2451 914 2520 tuam,
936 2463 1008 2525 quae
1022 2452 1051 2507 te
1065 2446 1152 2507 talem
1168 2444 1297 2525 peperit:
1314 2450 1400 2506 macte
1413 2449 1447 2502 to

298 2723 354 2758 aum
366 2707 442 2758 habet
453 2716 470 2773 t,
484 2708 582 2760 iambus
588 2716 649 2774 poet
659 2707 776 2760 uersibus
788 2709 855 2760 iuter
868 2725 940 2760 anser
952 2717 976 2760 et
985 2711 1109 2774 plebeium
1122 2709 1189 2775 LTp
1203 2727 1261 2760 cum
1267 2708 1401 2776 florilepic.

298 2779 343 2830 aad
356 2796 430 2844 pauc
449 2797 523 2845 quem
539 2782 620 2844 pictae
639 2797 736 2845 pennae
754 2781 919 2832 indicantia
938 2781 1129 2832 delicatioribus
1148 2781 1209 2832 cibis
1221 2782 1402 2832 numerabatur

298 2865 344 2899 uec
355 2850 447 2914 facilia
465 2859 522 2901 erat
534 2859 636 2915 paratu
760 2855 814 2902 auis
825 2853 996 2919 florilepium:
1014 2868 1075 2902 anes
1093 2850 1161 2917 LTp
1285 2859 1402 2903 renouata

298 2919 353 2970 ΕΤ
366 2928 440 2970 uetus
459 2921 568 2984 Pitheci,
580 2923 753 2989 fioribepium:
772 2934 879 2974 enoueta
893 2941 923 2989 p.
961 2931 1061 2974 enotata
1083 2923 1300 2990 Iacupeuuacaaue,
1319 2926 1401 2974 incho-

299 3000 339 3041 ate
357 3007 446 3056 nempe
465 3009 531 3042 anae
548 2993 683 3044 Barthiua.
720 3011 783 3044 uum
800 2995 949 3046 innonate?
1084 3004 1108 3045 et
1125 2998 1197 3059 pictis
1216 3005 1308 3059 atagen
1327 3009 1402 3059 opaca

297 3063 384 3126 pennis
403 3071 427 3112 et
444 3071 469 3113 ct
486 3066 557 3128 pictis
576 3074 696 3116 renouata
714 3082 788 3116 nesea
805 3070 893 3132 pennis
910 3083 1000 3132 murpc
1018 3066 1043 3116 L
1061 3083 1170 3132 quorum
1183 3067 1262 3131 priua
1278 3072 1403 3132 receptum

298 3133 327 3184 ia
345 3141 355 3182 t
372 3138 409 3184 eat

372 3231 385 3278 1
404 3229 473 3280 afrae
486 3237 527 3295 pt,
545 3246 634 3295 marpo
652 3229 691 3294 L,
710 3231 857 3281 Puteauua:
875 3233 957 3282 aeriae
974 3231 1032 3295 ΕΤ,
1051 3233 1116 3282 aerie
1127 3231 1285 3298 florilepium

299 3303 402 3352 3h0ris
414 3301 573 3370 florilegium
611 3365 614 3372 .
680 3305 778 3353 4tctra
797 3301 931 3353 Iacobaiue
990 3324 992 3330 ·
1048 3303 1125 3370 Syrtis
1139 3311 1179 3368 pt,
1198 3321 1287 3370 marpo
1304 3301 1330 3352 L
1349 3318 1402 3354 acm

290 3375 437 3442 flcmiepio:
455 3375 512 3425 Sitis
524 3375 557 3440 L,
578 3375 639 3440 syris
651 3373 823 3425 Memmiauua
921 3376 935 3422 5
955 3377 1088 3440 probamus
1106 3373 1130 3424 L
1148 3373 1320 3426 Maeuianae

299 3450 414 3497 6mulus
425 3447 584 3514 florilepiura
702 3449 793 3511 9neq,
811 3444 857 3494 aad
874 3445 903 3496 iu
919 3445 1036 3511 marpiue
1054 3461 1086 3495 nc
1105 3461 1179 3511 quem
1197 3445 1222 3495 L
1329 3447 1402 3496 hodie

299 3514 303 3587 Ι
324 3535 424 3569 norsum
442 3521 479 3570 cic
497 3521 522 3569 L
644 3521 674 3566 11
695 3519 724 3566 iis
743 3515 776 3580 L,
795 3518 835 3566 his
849 3524 882 3582 pt
1006 3517 1121 3584 synaecio
1141 3525 1164 3566 et
1181 3517 1210 3566 iu
1228 3517 1343 3584 marpiue
1361 3532 1402 3582 gy·

298 3592 415 3638 naeciot
520 3599 609 3656 potent
622 3605 659 3654 p:
676 3589 768 3653 poterit
786 3589 822 3637 Lt
928 3604 1020 3638 nomen
1038 3588 1138 3652 poetae]
1157 3589 1309 3652 Eumolpum
1332 3587 1401 3637 Wal-

297 3658 348 3708 lius
361 3675 390 3722 p.
404 3663 439 3708 42
566 3664 598 3710 13
619 3676 695 3710 causa
714 3676 761 3709 om.
780 3657 959 3710 Memmiauua.
996 3675 1054 3708 case
1072 3658 1282 3724 Iaapermauuua

297 3730 477 3793 pinnothecam
500 3729 545 3780 aed
567 3732 596 3782 iu
618 3731 735 3798 marpiue
757 3733 949 3795 pinacothecam
971 3731 1003 3782 L.
1046 3731 1231 3780 aminothecam
1255 3735 1404 3796 reppererat

298 3799 432 3850 Puteanus
543 3804 576 3850 14
596 3803 688 3853 Guiton
706 3801 731 3851 L
842 3804 872 3851 15
893 3801 1083 3852 conuiciarerL
1192 3805 1223 3851 16
1244 3819 1320 3866 quem
1337 3818 1401 3852 corr.

297 3885 329 3920 eu
348 3879 440 3934 quanta
458 3871 483 3920 L
571 3877 601 3922 tr
623 3889 655 3924 eu
668 3889 823 3941 praepreesc
841 3875 941 3938 negauit
952 3872 1036 3939 facile
1048 3872 1097 3922 huc
1110 3873 1170 3922 dixit
1182 3871 1329 3923 adsumitur

300 3943 332 3991 18
352 3949 402 3990 trec
421 3942 554 3992 asteriacus
571 3944 740 4009 iaterpouuat
758 3947 806 4008 Lt,
831 3962 912 3995 uuum
928 3962 960 4011 p.
988 3960 1079 4008 pauca
1098 3951 1182 3994 tamea
1201 3943 1285 3994 deesse
1302 3937 1402 4010 ‘quibua

297 4013 453 4076 Eumolpum
477 4013 577 4063 Gitonis
599 4015 758 4066 humanitate
782 4016 933 4067 delectatam
948 4015 1036 4082 fuiaae
1059 4009 1173 4066 diaeret'
1191 4015 1333 4066 'Iacobsa'ua
1354 4012 1402 4063 ad-

296 4083 404 4136 actaait.
441 4100 573 4135 nvn01n>vs
591 4103 627 4134 nn
646 4103 778 4140 ovrronnu
795 4087 971 4154 praescripsit
986 4085 1020 4152 L,
1039 4086 1129 4138 eadem
1146 4103 1269 4137 aaronem
1287 4083 1401 4138 exhibea·

298 4165 333 4210 tea
351 4155 464 4222 marpiui
481 4156 659 4222 imposuerant
671 4165 705 4224 pt
824 4163 856 4210 19
876 4161 955 4225 inquit
972 4175 1020 4210 oua.
1039 4159 1078 4222 L,·
1096 4159 1181 4223 inquid
1199 4158 1225 4209 P
1333 4165 1401 4207 tuam

297 4247 344 4284 uu.
363 4227 418 4280 AF
521 4234 545 4280 tc
564 4244 612 4282 om.
630 4225 655 4277 L
