3008 4962
573 437 713 490 saunas
1152 435 1192 494 45

60 597 278 674 uinterpretam
298 611 396 654 meum
417 593 495 672 quod
516 612 563 654 me
582 598 740 671 torqueret.
777 597 806 651 at
824 589 883 652 ille:
906 579 1009 669 ‘plane
1030 587 1116 650 etiam
1136 587 1194 648 hoc

94 713 192 754 servus
208 701 276 754 tuus
291 691 419 753 iudicare
434 699 545 770 potest3
564 709 625 752 non
641 691 717 751 euim
734 688 864 767 aenigma
880 696 939 762 est,
955 688 1006 748 sed
1021 705 1069 748 res
1085 692 1193 765 aperta.

93 793 137 854 hic
151 811 228 872 aper,
245 809 311 852 curn
322 789 385 850 heri
397 809 512 851 summa
524 807 595 850 cena
607 807 673 849 eum
685 787 869 860 vindicasset,
884 806 899 848 a
912 785 1039 848 convivis
1053 784 1193 845 dimissus

95 902 143 964 est,·
156 891 252 970 itaque
262 889 350 950 hodie
361 896 509 968 tamquam
521 887 641 948 libertus
653 887 683 948 iu
692 885 858 948 convivium
866 874 1037 946 revertitur?
1062 881 1195 944 damnavi

68 1003 80 1051 s
96 1007 144 1067 ego
165 997 316 1068 stuporem
337 1005 438 1048 meum
458 994 486 1047 et
500 985 570 1046 nihil
586 984 710 1065 amplius
726 985 916 1064 interrogavi,
938 1001 974 1044 ue
989 982 1102 1043 viderer
1117 997 1195 1041 uuu-

95 1107 175 1166 quam
191 1089 268 1148 inter
282 1087 425 1148 honestos
441 1101 569 1145 cenasse.

84 1170 131 1266 ὠ
174 1187 243 1247 dum
265 1187 336 1246 haec
355 1183 516 1264 loquimur,
538 1200 610 1261 puer
630 1181 783 1261 speciosus
803 1180 909 1242 vitibus
928 1178 1101 1257 hederisque
1116 1177 1194 1238 redi-

96 1285 190 1355 mitus,
212 1284 303 1344 modo
326 1282 491 1353 Bromium,
513 1280 661 1341 interdum
682 1281 806 1360 Lyaeum
826 1278 1012 1358 Euhiumque
1032 1275 1194 1348 coufessus,

97 1381 244 1443 calathisco
266 1401 336 1443 uvas
360 1378 537 1443 circumtulit
556 1387 585 1440 et
603 1388 736 1458 poemata
753 1378 863 1441 domiui
880 1378 925 1438 sui
941 1375 1109 1439 acutissima
1125 1393 1196 1434 voce

58 1494 82 1544 lo
98 1481 225 1543 traduxit.
263 1480 297 1541 ad
318 1500 405 1560 quem
426 1496 532 1540 sonum
555 1487 714 1539 conversus
736 1477 913 1539 Trimalchio
930 1466 1084 1555 ‘Dionyse'
1103 1472 1197 1552 iuquit

94 1570 174 1638 ‘liber
188 1568 275 1639 esto'.
299 1596 371 1657 puer
386 1576 509 1638 detraxit
520 1576 638 1655 pilleum
651 1595 723 1656 apro
737 1576 880 1655 capitique
893 1594 946 1635 suo
960 1574 1110 1654 imposuit.
1133 1583 1195 1637 tum

98 1676 267 1737 Trimalchio
288 1695 392 1737 rursus
412 1675 529 1736 adiecit:
547 1665 623 1735 ‘non
644 1673 786 1752 negabitis
807 1665 864 1733 ma³
881 1663 1110 1751 iuquit‘hahere
1124 1671 1198 1732 lihe-

98 1793 157 1835 rum
180 1765 312 1854 patrem'.
342 1773 521 1834 laudavimus
544 1773 654 1835 dictum
668 1771 891 1834 Trimalchionis
916 1779 944 1832 et
967 1771 1197 1832 circumeuntem

99 1892 213 1952 puerum
227 1891 299 1934 saue
313 1871 525 1952 perhasiamus.

62 1987 85 2037 ll
176 1972 210 2034 ab
226 1974 285 2034 hoc
298 1971 407 2032 ferculo
419 1970 593 2031 Trimalchio
610 1971 645 2030 ad
659 1971 791 2030 lasanum
809 1969 942 2031 surrexit.
966 1988 1022 2030 uos
1037 1967 1197 2029 libertatem

100 2070 157 2132 sine
175 2079 299 2151 tyranno
320 2068 398 2131 nacti
417 2068 570 2147 coepimus
589 2068 709 2129 inritare
733 2068 919 2130 convivarum
936 2085 1099 2130 sermones.
1141 2066 1198 2126 Da-

100 2189 140 2229 ma
161 2170 255 2250 itaque
273 2170 397 2249 primus,
409 2159 476 2227 cum
498 2167 662 2245 pataracina
678 2167 880 2246 poposcisset,
895 2157 987 2228 ‘dies’
1004 2157 1199 2247 iuquit‘uihil

101 2274 148 2328 est.
173 2268 242 2329 dum
265 2286 367 2353 versas
382 2272 425 2336 te,
445 2283 505 2325 nar
519 2266 560 2325 lit.
590 2265 685 2343 itaque
700 2264 771 2325 nihil
786 2273 837 2334 est,
845 2266 949 2326 melius
965 2285 1050 2345 quam
1066 2265 1102 2325 de
1115 2264 1199 2326 cuhi-

102 2366 159 2426 culo
179 2374 255 2428 recta
278 2366 309 2427 iu
328 2363 486 2426 triclinium
506 2363 557 2424 ire.
588 2365 774 2424 otmundum
789 2365 880 2443 frigus
896 2364 1060 2426 habuimus.
1090 2364 1135 2424 vix
1151 2381 1199 2424 me

105 2537 394 2549 Μ

103 2619 170 2672 batur
190 2623 303 2675 Orialius
316 2640 347 2689 p.
367 2625 400 2674 13
419 2641 436 2673 a
455 2624 533 2674 bacca
550 2634 575 2676 et
591 2625 650 2674 lusu
669 2622 804 2674 deriuatas
926 2626 1065 2688 interogare
1084 2623 1119 2676 H.
1156 2625 1199 2672 du-

103 2695 149 2743 rani
170 2697 322 2761 interrogare
340 2695 436 2746 nimiae
454 2696 559 2747 uidetur
576 2704 607 2746 ut
623 2696 651 2746 in
669 2694 715 2745 hoc
733 2694 838 2745 dicendi
854 2711 946 2761 qaaere
965 2695 1121 2746 audacitatis
1139 2709 1199 2760 essa,

104 2763 210 2830 displicet
227 2776 313 2817 nutem
331 2769 417 2817 cursui
1028 2761 1032 2770 ’

169 2842 179 2886 1
200 2842 265 2903 quod
285 2839 392 2902 scripsi:
410 2841 467 2902 quid
486 2839 520 2889 H
626 2845 746 2904 praestat
763 2839 813 2887 hoc
833 2839 907 2887 etiam
1026 2841 1041 2888 3
1061 2854 1123 2888 cena
1143 2854 1200 2887 eum

104 2908 187 2972 scripsi
199 2919 228 2960 ut
237 2910 444 2960 murrumissianis
455 2909 630 2976 metaphoram
642 2925 787 2971 seruarem,·
800 2909 984 2959 uindicauerat
995 2926 1089 2974 aprum
1101 2925 1201 2959 summa

105 2993 166 3041 cena,
184 2981 227 3031 hoc
246 2990 285 3033 est
301 2983 329 3032 in
347 2989 461 3032 eutremu
480 2998 543 3032 cena
561 2981 694 3046 appositus
707 2989 776 3032 erat:
795 2998 883 3032 cenam
895 2981 931 3031 H.
960 2998 1083 3032 summam
1096 2997 1201 3032 coenam

104 3046 245 3117 Scheffemas,
259 3054 345 3120 numo.
364 3069 461 3103 summa
474 3069 553 3103 coena
567 3054 714 3103 uindicasset
727 3069 779 3103 sese
794 3053 919 3104 Halmius
990 3055 1109 3103 conuiuiis
1120 3053 1154 3103 H

105 3124 169 3172 lest
187 3141 231 3174 ons.
251 3125 288 3177 H.
318 3133 376 3190 ante
400 3127 513 3174 dimissus
537 3123 600 3174 add.
626 3122 778 3188 Schefferus.
815 3126 928 3174 dimissus
947 3126 1030 3189 utique
1048 3127 1122 3174 hodie
1141 3122 1201 3174 Slu-

106 3191 175 3243 derus
189 3212 217 3259 p.
232 3201 265 3246 11
397 3199 411 3246 5
431 3197 569 3260 interogaui
587 3195 621 3246 H
741 3200 760 3245 T
776 3198 902 3260 aderisque
921 3195 955 3245 H
1076 3197 1201 3246 Sliaeum

106 3267 259 3331 euchiumque
279 3267 313 3317 H
428 3270 442 3318 9
463 3269 578 3316 caletisco
598 3267 632 3317 H
750 3268 889 3317 acidissimo
906 3267 1039 3330 Heinsius,
1058 3269 1202 3316 raucissima

105 3349 166 3400 susp.
184 3338 317 3390 Iacobsius
438 3380 440 3385 .
462 3341 493 3388 10
513 3340 613 3403 dyonise
632 3339 666 3388 H
805 3342 836 3387 12
855 3341 934 3402 inquit
953 3346 1096 3402 suspectum

106 3405 199 3458 liberum
216 3428 268 3460 nan
286 3427 390 3460 seruum
408 3419 432 3460 et
449 3413 566 3459 Liberum
584 3409 717 3459 Bacchum
735 3410 865 3474 inteliepas
980 3411 1011 3456 13
1022 3411 1203 3458 circumeuntes

107 3475 143 3524 H:
174 3489 320 3532 correxerat
345 3481 490 3546 Schefferns
517 3489 576 3530 unte
603 3482 744 3545 cuempiam
771 3481 1001 3531 Amsteiadamense
1115 3481 1148 3527 14
1166 3479 1203 3526 iu-

107 3561 159 3598 saue
176 3551 307 3604 Heinsius.
344 3556 451 3602 suauiter
472 3554 595 3602 basiamus
613 3552 747 3602 Iaccbsins
875 3555 905 3600 15
924 3554 1073 3601 lasammum
1091 3550 1131 3599 H:
1157 3565 1202 3602 em.

107 3615 241 3685 Scheffemas
368 3628 398 3675 16
427 3627 521 3674 Damas
548 3622 687 3673 Heinsius:
715 3626 805 3674 clamat
828 3623 862 3672 H
884 3639 934 3688 qua
956 3621 1067 3687 probato
1090 3623 1203 3671 Priamus

108 3687 230 3758 smila,
253 3695 351 3746 Primus
376 3696 502 3746 Antoniou
629 3699 659 3744 17
685 3696 829 3759 pataracina
847 3694 882 3746 H.
919 3704 1003 3758 patore
1026 3695 1097 3743 scine
1115 3691 1180 3744 Selia
1194 3722 1204 3731 -

101 3759 183 3827 semu,
211 3769 352 3817 amaracina
385 3768 410 3818 Ι.
433 3767 467 3821 F.
493 3765 654 3828 Gronouius,
681 3775 792 3831 pateram
819 3767 870 3815 uini
897 3774 944 3816 aut
969 3771 1016 3814 παῖ
1042 3759 1126 3834 θερμὰ
1152 3783 1204 3814 ονα

109 3830 241 3900 Iacobsius,
260 3839 365 3888 meliora
384 3839 470 3888 nulius
482 3846 590 3903 praeter
607 3837 745 3888 Heinsium
763 3838 809 3902 qui
826 3845 913 3901 patera
931 3839 1017 3902 capaci
1035 3839 1093 3886 uina
1107 3851 1204 3901 propo-

109 3904 160 3958 suit.
195 3908 239 3958 sed
257 3909 371 3960 modicae
385 3918 495 3974 paterae
513 3909 598 3960 nuilus
610 3909 639 3958 in
651 3909 697 3959 hoc
710 3917 830 3974 potatore
842 3909 919 3960 locus.
947 3926 1000 3958 non
1013 3918 1065 3958 tam
1076 3923 1204 3958 meracum

110 3990 180 4038 qnam
199 3981 347 4044 grandioris
365 3982 463 4046 potorii
488 3997 568 4046 penus
586 3980 744 4045 appellatum
759 3981 846 4046 fuisse
866 3988 931 4045 puto
955 3980 1046 4045 qualia
1069 3993 1205 4029 anancaeo

111 4057 178 4098 erant
197 4053 240 4101 uel
256 4052 376 4118 Allifano
399 4053 431 4102 ab
450 4052 562 4102 Horatio
584 4052 627 4102 uel
649 4051 763 4102 banacas
787 4069 804 4101 a
826 4052 920 4104 Plauto
939 4052 1072 4102 Athenaeo
1090 4049 1205 4100 Arnahio

110 4131 260 4176 memoratas.
302 4124 357 4174 ulia
380 4125 489 4175 calicum
506 4123 709 4189 passionemque
735 4125 840 4174 nmuina
867 4123 1001 4174 Martialis
1028 4123 1151 4188 conpescit
1177 4121 1206 4171 in

112 4191 270 4255 apophoretis.
302 4187 422 4261 ‘poscunt
444 4195 585 4246 maioribus
604 4187 717 4258 poculis'
739 4194 808 4246 dixit
826 4194 915 4245 Cicera
932 4196 961 4245 in
985 4193 1089 4245 Terram
1107 4192 1206 4243 arnone

113 4264 217 4314 secunda
235 4266 254 4315 1
269 4269 311 4333 26,
331 4272 365 4319 66
476 4271 507 4316 19
526 4276 553 4316 ut
571 4266 695 4316 Heinsius
