3022 4956
579 439 721 493 surinus
1162 443 1201 506 89

76 598 256 678 dintelb'gas,
273 598 341 678 quid
355 597 407 659 tibi
421 597 540 660 feceris:
561 596 707 670 Habinna,
722 597 806 668 nolo,
827 603 954 659 statuam
968 598 1032 660 eius
1048 595 1078 658 in
1094 616 1202 659 monu-

108 704 200 758 meuto
211 716 277 756 mco
289 715 391 777 ponas,
402 714 439 757 ne
451 703 586 757 mortuus
598 695 714 774 quidem
726 693 791 754 lites
802 693 933 757 babeam.
960 695 1062 767 immo,
1083 703 1116 757 ut
1131 695 1204 758 sciat

107 815 150 855 me
164 815 250 875 posse
265 795 373 856 malum
389 795 472 868 dare,
488 793 568 865 uolo,
584 812 631 853 me
647 799 797 854 mortuum
813 783 923 854 basiet?

184 901 253 972 post
274 895 332 974 boc
355 894 466 956 fulmen
487 891 635 953 Habinnas
661 909 765 970 rogare
787 891 896 970 coepit,
924 893 1033 953 utiam
1057 891 1204 954 desineret
1218 897 1257 955 75

63 1000 95 1050 dt
109 991 201 1065 irasci,
221 1001 250 1053 et
270 989 281 1077 ΙΙ
295 983 411 1054 ‘nemo’
432 991 527 1073 inquit
542 983 694 1052 ‘nostrum
714 1008 775 1050 non
796 997 904 1069 peccat.
923 986 1069 1050 bomines
1089 1008 1202 1064 sumus,

78 1102 162 1150 nnon
177 1083 244 1152 dei’.
262 1086 274 1174 d
291 1091 368 1151 idem
384 1098 412 1152 et
432 1088 560 1152 Scintilla
581 1089 653 1150 ssens
674 1089 747 1150 dixit
765 1107 798 1150 ac
818 1106 869 1168 per
888 1088 1005 1166 genium
1022 1087 1084 1150 eius
1101 1088 1204 1150 Gaium

82 1203 94 1250 7
109 1188 269 1266 appellando
285 1207 388 1268 rogare
403 1189 509 1268 coepit,
524 1195 557 1249 ut
572 1207 604 1249 se
618 1190 772 1268 frangeret.
803 1204 864 1248 nou
879 1187 974 1248 tenuit
985 1186 1058 1247 ultra
1069 1185 1203 1247 lacrimas

109 1286 275 1350 Trimalchio
288 1296 317 1349 et
328 1280 420 1366 ‘rogo'
437 1287 530 1367 inquit
541 1277 695 1360 ‘Habinna
712 1286 753 1347 sic
764 1284 910 1365 peculium
923 1293 1005 1348 tuum
1017 1283 1203 1346 frunisoaris:

110 1383 208 1464 siquid
224 1403 380 1466 perperam
394 1387 458 1461 feci,
473 1384 623 1447 infaciem
636 1403 731 1445 meam
743 1383 857 1462 inspuc.
884 1403 1011 1464 puerum
1021 1383 1129 1448 basiavi
1140 1385 1204 1445 fru-

72 1493 95 1542 10
110 1483 290 1561 galissimum,
310 1503 370 1546 non
385 1491 507 1565 propter
519 1485 661 1554 formam,
678 1483 729 1544 sed
745 1481 811 1561 quia
826 1482 903 1562 frugi
917 1491 975 1568 est:
992 1484 1090 1544 decem
1107 1489 1204 1562 partes

108 1581 178 1656 dicit,
192 1582 300 1644 librum
315 1583 351 1644 ab
368 1582 452 1643 oculo
467 1582 548 1661 legit,
565 1581 740 1643 Thraecium
756 1580 812 1641 sibi
827 1581 863 1642 de
878 1581 976 1642 diariis
990 1581 1069 1653 fecit,
1085 1580 1203 1642 arcisel-

34 1725 40 1736 .
108 1679 170 1740 lium
185 1680 219 1740 de
235 1699 291 1742 suo
308 1681 419 1760 paravit
433 1689 461 1742 et
476 1681 548 1742 duas
563 1680 674 1741 trullas.
703 1695 765 1739 non
781 1686 826 1739 est
840 1677 945 1757 dignus
962 1696 1049 1758 quem
1064 1679 1095 1739 in
1110 1678 1204 1740 oculis

109 1777 213 1838 leram?
239 1781 293 1840 scd
315 1781 473 1842 Fortunata
488 1786 571 1840 vetat.
603 1779 641 1839 ita
656 1777 708 1839 tibi
727 1776 854 1850 videtur,
874 1774 1053 1857 fulcipedia?
1084 1777 1202 1851 suadeo,

110 1875 209 1938 bonum
225 1885 310 1940 tuum
326 1896 506 1959 concoquas,
528 1877 629 1947 milra,
651 1884 680 1937 et
695 1895 742 1936 me
756 1893 818 1936 non
832 1876 922 1938 iacias
937 1875 1108 1954 ringentem,
1123 1895 1204 1937 arna-

74 1980 97 2030 ls
112 1975 244 2053 siuncula3
263 1977 394 2056 alioquin
409 1976 566 2056 experieris
582 1975 734 2038 cerebrum
748 1993 857 2036 meum.
886 1974 965 2036 nosti
980 1991 1040 2034 me:
1062 1973 1141 2052 quod
1157 1992 1204 2034 se-

111 2073 160 2135 mel
175 2075 329 2149 destinari,
345 2075 425 2136 claro
441 2074 564 2137 tabulari
579 2076 669 2139 fuum
685 2081 738 2135 est
765 2075 817 2134 sed
828 2072 961 2133 vivorum
974 2073 1203 2134 meminerimus.

110 2190 155 2232 vos
172 2192 259 2253 rogo,
280 2173 381 2248 amici,
402 2182 435 2235 ut
451 2171 536 2235 vobis
557 2173 683 2234 suaviter
703 2173 750 2234 sit.
781 2190 849 2232 narn
871 2190 924 2251 ego
945 2190 1061 2252 quoque
1080 2179 1140 2232 tarn
1161 2171 1205 2234 fui

110 2288 187 2348 quarn
201 2291 253 2334 ros
270 2274 350 2348 estis,
365 2273 416 2334 sed
430 2272 536 2334 virtute
552 2291 616 2334 mea
630 2272 666 2334 ad
681 2272 739 2333 boc
754 2270 881 2350 perveni.
908 2271 1057 2332 corcillum
1069 2278 1114 2332 est
1126 2271 1204 2351 quod

110 2367 233 2432 homines
247 2372 330 2446 facit,
351 2380 445 2434 cetera
460 2371 617 2451 quisquilia
637 2369 743 2432 omnia.
770 2360 870 2430 “bene
886 2388 966 2443 erno,
983 2369 1057 2431 bene
1073 2360 1205 2445 vendo'';

72 2474 97 2524 u
111 2467 176 2528 alius
195 2470 248 2531 alia
267 2470 353 2532 vobis
369 2471 452 2532 dicet.
482 2470 614 2532 felicitate
630 2469 752 2532 dissilio.
782 2476 939 2541 mantem,
955 2469 1086 2541 sterteia,
1102 2468 1205 2530 ctiam-

111 2583 174 2628 num
194 2568 316 2649 ploras?
336 2572 394 2632 iarn
415 2570 536 2641 curabo,
557 2568 649 2629 fatum
670 2575 753 2629 tuum
774 2567 883 2647 plores.
913 2568 979 2639 sed,
999 2575 1032 2629 ut
1051 2585 1203 2647 coeperam
1221 2585 1225 2590 ·

110 2664 208 2742 dicere,
227 2670 265 2731 ad
283 2669 359 2730 banc
375 2688 422 2730 me
437 2669 586 2730 fortumm
601 2666 750 2745 frugalitas
763 2684 827 2726 mea
839 2665 982 2745 perduxit.
1005 2672 1067 2726 tam
1079 2681 1204 2742 magnus

111 2783 141 2824 cx
153 2766 218 2829 Asia
232 2768 314 2841 veui,
331 2785 418 2847 quarn
434 2765 481 2828 bic
497 2765 685 2828 candelabrus
701 2771 755 2825 est.
785 2764 821 2824 ad
838 2783 998 2840 summam,
1013 2763 1143 2843 quotidie
1157 2782 1205 2824 mc

172 2979 318 3027 2mortuns
337 2992 435 3040 quoque
455 2975 535 3028 alicui
552 2975 581 3026 in
599 2983 706 3025 mentem
723 2974 801 3027 uenit.
836 2974 952 3038 quiddam
970 2975 1018 3024 litis
1037 2971 1093 3026 Iac.
1108 2972 1207 3022 Grono-

110 3044 161 3094 aius
269 3051 377 3098 inemo
399 3056 512 3098 nostrum
532 3063 583 3096 non
602 3054 697 3112 peccat.
734 3048 849 3096 homines
868 3061 965 3110 sumus,
994 3061 1043 3094 non
1064 3046 1096 3094 dii
1115 3043 1208 3094 babent

110 3116 157 3179 Lpt
172 3128 232 3182 post
255 3127 336 3184 eaput
356 3123 391 3170 82
416 3128 441 3169 et
455 3119 614 3186 florilegium
633 3117 784 3168 Parisiorum
891 3134 941 3167 uon
960 3124 1072 3167 nostrum
1091 3123 1207 3181 transpo-

110 3187 144 3235 nit
159 3189 198 3253 H,
222 3207 273 3240 non
292 3207 339 3240 ons.
356 3190 515 3257 florilegium
658 3193 672 3239 6
693 3191 732 3239 dei
756 3188 790 3239 H
802 3197 827 3238 et
842 3189 1001 3256 florileyium
1147 3193 1160 3238 7
1180 3204 1207 3237 se

111 3258 224 3324 frangeret
251 3261 392 3313 Heinsius:
430 3265 577 3326 effrsngeret
604 3259 640 3314 Η.
686 3263 863 3325 cffrsngeretur
898 3260 1031 3310 Patauina
1069 3258 1138 3308 unde
1172 3261 1207 3308 uti

111 3330 254 3395 frangeretur
274 3333 333 3383 olim
351 3333 476 3383 Heinsius
610 3334 625 3380 8
645 3332 721 3381 frenis
741 3333 809 3381 canis
829 3340 876 3382 aut
892 3340 922 3382 ut
939 3331 1040 3381 Kellios
1060 3329 1208 3380 dubitanter

112 3407 208 3454 testatur
225 3407 304 3455 frunis
322 3404 437 3456 canisH
540 3407 571 3454 11
592 3404 675 3452 didicit
688 3403 796 3453 Gaesius
902 3405 991 3452 libram
1009 3402 1112 3451 abaculo
1126 3400 1207 3450 Heiu-

111 3472 157 3522 sius
175 3475 352 3540 discripserat
458 3477 575 3525 thretium
589 3475 622 3524 H
634 3473 718 3542 idest
735 3483 872 3524 amnatura
888 3473 1019 3524 Tbraeeis.
1057 3472 1208 3521 thraecidlcs

112 3558 160 3594 ean
183 3549 327 3613 appellauit
345 3547 440 3598 Cicero.
478 3548 618 3610 tharasium
645 3544 756 3596 Orellius
774 3550 834 3611 Μ
859 3545 905 3610 qui
923 3553 1007 3593 tamen
1024 3557 1115 3593 uerum
1133 3542 1210 3592 simui

111 3615 178 3680 uidit,
196 3622 334 3670 teruncium
351 3618 488 3678 Heinsius,
513 3619 618 3682 pretium
637 3615 782 3683 Sebefferus
907 3617 1053 3665 arcisellium
1072 3613 1208 3664 Beinesius

112 3695 132 3735 et
147 3689 268 3742 Heinsius
281 3708 333 3756 pro
353 3697 464 3741 arcuata
481 3689 557 3739 sella:
582 3691 738 3756 artissellium
756 3687 791 3742 H.
829 3689 992 3737 smbisellium
1010 3684 1209 3737 fflddebrandus

112 3757 144 3806 ad
159 3759 299 3813 Arnobium
427 3764 457 3810 13
478 3761 609 3825 falcipedis
627 3761 764 3810 Reinesius
886 3763 919 3808 14
937 3761 1021 3808 bolum
1039 3773 1108 3821 susp.
1128 3757 1209 3808 Hein-

112 3828 158 3878 sius
263 3835 339 3884 isciss
361 3831 548 3882 Pidebomenus:
572 3833 646 3883 facies
664 3831 698 3881 H
796 3832 1001 3880 amozoniunculs.
1018 3830 1110 3880 rnaluit
1127 3829 1209 3880 Hein-

112 3900 160 3950 sius
277 3908 308 3954 16
328 3906 415 3954 trabali
433 3903 578 3968 lichefferus
697 3907 727 3952 17
747 3904 782 3952 its
801 3904 870 3952 uobis
889 3902 1013 3951 Heinsius
1129 3903 1208 3950 tenuis

110 3980 163 4031 post
178 3981 227 4025 tam
246 3974 360 4026 addebat
377 3975 516 4037 Heinsius,
542 3981 639 4024 tantum
664 3975 699 4023 sui
718 3981 838 4037 quantum
857 3973 975 4024 Haasius
989 3989 1019 4037 p.
1033 3975 1066 4022 20

115 4044 142 4090 18
160 4048 291 4098 coricillnm
302 4047 337 4098 H
349 4047 371 4098 ai
383 4046 475 4098 credas
487 4045 654 4096 Hadrianidi
666 4045 742 4110 quasi
752 4040 886 4114 κωρυκίδιον
978 4048 1009 4094 19
1023 4044 1155 4110 intelleqas
1167 4045 1209 4108 qui

113 4112 168 4165 benc
187 4120 251 4181 emit,
268 4122 289 4168 is
307 4121 369 4169 bene
390 4120 474 4168 uendit
570 4120 603 4168 20
615 4117 731 4184 fortasse
750 4132 797 4180 ego
811 4125 873 4180 post
889 4119 954 4167 dicet
972 4115 1102 4166 intercidit

114 4189 207 4238 stereels
220 4189 332 4241 Oriolius
345 4207 376 4255 p.
391 4195 425 4242 46
439 4207 456 4239 a
468 4197 578 4240 stercore
668 4191 701 4238 23
715 4203 839 4238 summam
855 4187 1036 4249 dilebomenus,
1054 4186 1208 4250 Sebeffencs,

114 4253 240 4310 Heinsius:
259 4278 357 4312 summo
368 4261 404 4316 Η.
435 4261 547 4326 pessime
564 4269 616 4312 tarn
634 4262 794 4324 magnus-sd
813 4276 911 4310 summe
929 4256 1089 4310 cmoectebent
